

<record>
  <leader>     cz  a22     n  4500</leader>
  <controlfield tag="001">ko20201091901</controlfield>
  <controlfield tag="003">CZ PrNK</controlfield>
  <controlfield tag="005">20201111112608.0</controlfield>
  <controlfield tag="008">201108|n|aznnnaabn          fn a|a      </controlfield>
  <datafield tag="040" ind1=" " ind2=" ">
    <subfield code="a">ABA001</subfield>
    <subfield code="b">cze</subfield>
    <subfield code="d">ABA001</subfield>
    <subfield code="e">rda</subfield>
  </datafield>
  <datafield tag="110" ind1="1" ind2=" ">
    <subfield code="a">Německo.</subfield>
    <subfield code="b">Haupttreuhandstelle Ost</subfield>
    <subfield code="7">ko20201091901</subfield>
  </datafield>
  <datafield tag="MOR" ind1="1" ind2=" ">
    <subfield code="a">Haupttreuhandstelle Ost</subfield>
    <subfield code="7">ko20201091901</subfield>
  </datafield>
  <datafield tag="368" ind1=" " ind2=" ">
    <subfield code="a">vládní instituce a organizace</subfield>
  </datafield>
  <datafield tag="370" ind1=" " ind2=" ">
    <subfield code="c">Německo</subfield>
    <subfield code="c">Polsko</subfield>
  </datafield>
  <datafield tag="372" ind1=" " ind2=" ">
    <subfield code="a">státní správa</subfield>
    <subfield code="a">okupační politika</subfield>
    <subfield code="a">druhá světová válka (1939-1945)</subfield>
  </datafield>
  <datafield tag="377" ind1=" " ind2=" ">
    <subfield code="a">ger</subfield>
  </datafield>
  <datafield tag="410" ind1="2" ind2=" ">
    <subfield code="a">Haupttreuhandstelle Ost</subfield>
    <subfield code="0">o</subfield>
  </datafield>
  <datafield tag="410" ind1="2" ind2=" ">
    <subfield code="a">HTO</subfield>
    <subfield code="0">o</subfield>
  </datafield>
  <datafield tag="670" ind1=" " ind2=" ">
    <subfield code="a">Rudawski, Bogumił: Grabież mienia w Kraju Warty 1939-1945 : działalność Urzędu Powierniczego w Poznaniu = Expropriations in the Reichsgau Watherland in 1939-1945 : the activities of the Treuhandstelle Posen</subfield>
  </datafield>
  <datafield tag="670" ind1=" " ind2=" ">
    <subfield code="a">www(Wikipedia, die freie Enzyklopädie), cit. 11.11. 2020</subfield>
    <subfield code="u">https://de.wikipedia.org/wiki/Haupttreuhandstelle_Ost</subfield>
  </datafield>
  <datafield tag="670" ind1=" " ind2=" ">
    <subfield code="a">LC (Names), cit. 11.11. 2020</subfield>
    <subfield code="b">autoritní forma; odkaz viz: HTO</subfield>
  </datafield>
  <datafield tag="678" ind1=" " ind2=" ">
    <subfield code="a">Německý úřad pro registraci, správu a využívání majetku polského státu a jeho občanů během německé okupace Polska v letech 1939-1945, ve východních oblastech začleněných do Německé říše byla odpovědná za provedení konfiskace, prozatímní správu a konfiskaci majetku polského státu a polských občanů.</subfield>
  </datafield>
  <datafield tag="906" ind1=" " ind2=" ">
    <subfield code="a">za20201108</subfield>
    <subfield code="b">ejav</subfield>
  </datafield>
  <datafield tag="906" ind1=" " ind2=" ">
    <subfield code="a">oz20201111</subfield>
    <subfield code="b">svsv</subfield>
    <subfield code="c">Záhlaví - oprava; Viz - nově; URL - nově; Zdroj - další výskyt; Další info - nově; Související místo - nově; Oblast působení - nově; Jazyk - nově</subfield>
  </datafield>
</record>