

<record>
  <leader>     nz  a22     n  4500</leader>
  <datafield tag="900" ind1=" " ind2=" ">
    <subfield code="a">J-NÁVRH-S</subfield>
  </datafield>
  <controlfield tag="001">js20201091902</controlfield>
  <controlfield tag="003">CZ PrNK</controlfield>
  <controlfield tag="005">20201108190958.0</controlfield>
  <controlfield tag="008">201108|n|aznnnaabn           n a|a      </controlfield>
  <datafield tag="040" ind1=" " ind2=" ">
    <subfield code="a">ABA004</subfield>
    <subfield code="b">cze</subfield>
    <subfield code="e">rda</subfield>
  </datafield>
  <datafield tag="046" ind1=" " ind2=" ">
    <subfield code="f">1896</subfield>
    <subfield code="g">1973</subfield>
  </datafield>
  <datafield tag="100" ind1="1" ind2=" ">
    <subfield code="a">Dmytrìv, H.,</subfield>
    <subfield code="d">1896-1973</subfield>
    <subfield code="7">js20201091902</subfield>
  </datafield>
  <datafield tag="370" ind1=" " ind2=" ">
    <subfield code="c">Ukrajina</subfield>
    <subfield code="c">Spojené státy americké</subfield>
  </datafield>
  <datafield tag="372" ind1=" " ind2=" ">
    <subfield code="a">memoárová literatura</subfield>
  </datafield>
  <datafield tag="374" ind1=" " ind2=" ">
    <subfield code="a">lékaři</subfield>
  </datafield>
  <datafield tag="375" ind1=" " ind2=" ">
    <subfield code="a">muž</subfield>
  </datafield>
  <datafield tag="377" ind1=" " ind2=" ">
    <subfield code="a">ukr</subfield>
  </datafield>
  <datafield tag="400" ind1="1" ind2=" ">
    <subfield code="a">Dmytrìv, Hryhor,</subfield>
    <subfield code="d">1896-1973</subfield>
    <subfield code="0">o</subfield>
  </datafield>
  <datafield tag="400" ind1="1" ind2=" ">
    <subfield code="a">Dmytrìv, Hryhìv,</subfield>
    <subfield code="d">1896-1973</subfield>
    <subfield code="0">o</subfield>
  </datafield>
  <datafield tag="400" ind1="1" ind2=" ">
    <subfield code="a">Dmytrìv, Hryhorìj,</subfield>
    <subfield code="d">1896-1973</subfield>
    <subfield code="0">o</subfield>
  </datafield>
  <datafield tag="670" ind1=" " ind2=" ">
    <subfield code="a">NBU, 9. 11. 2020</subfield>
    <subfield code="b">autoritní forma</subfield>
  </datafield>
  <datafield tag="670" ind1=" " ind2=" ">
    <subfield code="a">www(Dnipropetrovs‘ka central‘na mìs‘ka bìblìoteka), cit., 9. 11. 2020</subfield>
    <subfield code="b">odkaz viz</subfield>
    <subfield code="u">http://irbis.library.dp.ua/cgi-bin/irbis64r_12/cgiirbis_64.exe?LNG=UK&amp;Z21ID=&amp;I21DBN=BUD&amp;P21DBN=BUD&amp;S21STN=1&amp;S21REF=2&amp;S21FMT=fullwebr&amp;C21COM=S&amp;S21CNR=20&amp;S21P01=0&amp;S21P02=1&amp;S21P03=A=&amp;S21STR=%D0%94%D0%BC%D0%B8%D1%82%D1%80%D1%96%D0%B2,%20%D0%93%D1%80%D0%B8%D0%B3%D1%96%D1%80</subfield>
  </datafield>
  <datafield tag="670" ind1=" " ind2=" ">
    <subfield code="a">www(Encyklopedìja sučasnoji Ukrajiny), cit. 9. 11. 2020</subfield>
    <subfield code="b">biografické údaje, datum narození a úmrtí, odkaz viz</subfield>
    <subfield code="u">http://esu.com.ua/search_articles.php?id=22065</subfield>
  </datafield>
  <datafield tag="670" ind1=" " ind2=" ">
    <subfield code="a">Dmytrìv, H.: Proty chvyl‘ : (spohady lìkarja), 1964</subfield>
    <subfield code="b">autoritní forma, odkaz viz</subfield>
  </datafield>
  <datafield tag="678" ind1="0" ind2=" ">
    <subfield code="a">Ukrajinský lékař, vystudoval v Praze, pracoval na Ukrajině, v Německu a od roku 1949 v USA, autor vzpomínek.</subfield>
  </datafield>
  <datafield tag="906" ind1=" " ind2=" ">
    <subfield code="a">za20201109</subfield>
    <subfield code="b">anlu</subfield>
  </datafield>
</record>