

<record>
  <leader>     cz  a22     n  4500</leader>
  <controlfield tag="001">xx0253642</controlfield>
  <controlfield tag="003">CZ PrNK</controlfield>
  <controlfield tag="005">20201109153450.0</controlfield>
  <controlfield tag="008">201106|n|aznnnaabn           n a|a      </controlfield>
  <datafield tag="024" ind1="7" ind2=" ">
    <subfield code="a">0000000117033608</subfield>
    <subfield code="d">ABA001</subfield>
    <subfield code="2">isni</subfield>
  </datafield>
  <datafield tag="040" ind1=" " ind2=" ">
    <subfield code="a">ABE304</subfield>
    <subfield code="b">cze</subfield>
    <subfield code="e">rda</subfield>
  </datafield>
  <datafield tag="046" ind1=" " ind2=" ">
    <subfield code="f">1890</subfield>
    <subfield code="g">1959</subfield>
  </datafield>
  <datafield tag="100" ind1="1" ind2=" ">
    <subfield code="a">Rijavec, Josip,</subfield>
    <subfield code="d">1890-1959</subfield>
    <subfield code="7">xx0253642</subfield>
  </datafield>
  <datafield tag="370" ind1=" " ind2=" ">
    <subfield code="a">Gradisca d'Isonzo, Itálie</subfield>
    <subfield code="b">Bělehrad, Srbsko</subfield>
    <subfield code="c">Itálie</subfield>
    <subfield code="c">Slovinsko</subfield>
    <subfield code="c">Srbsko</subfield>
  </datafield>
  <datafield tag="372" ind1=" " ind2=" ">
    <subfield code="a">zpěv</subfield>
    <subfield code="a">opera</subfield>
    <subfield code="a">hudební pedagogika</subfield>
  </datafield>
  <datafield tag="374" ind1=" " ind2=" ">
    <subfield code="a">operní zpěváci</subfield>
    <subfield code="a">hudební pedagogové</subfield>
  </datafield>
  <datafield tag="375" ind1=" " ind2=" ">
    <subfield code="a">muž</subfield>
  </datafield>
  <datafield tag="377" ind1=" " ind2=" ">
    <subfield code="a">slv</subfield>
  </datafield>
  <datafield tag="400" ind1="1" ind2=" ">
    <subfield code="a">Rijavec, Joža,</subfield>
    <subfield code="d">1890-1959</subfield>
    <subfield code="0">o</subfield>
  </datafield>
  <datafield tag="400" ind1="1" ind2=" ">
    <subfield code="a">Riavez, José,</subfield>
    <subfield code="d">1890-1959</subfield>
    <subfield code="0">o</subfield>
  </datafield>
  <datafield tag="670" ind1=" " ind2=" ">
    <subfield code="a">Josip Rijavec (1890-1959): slovenski tenorist mednarodnega slovesa. Ljubljana: Slovenski gledališki muzej, 2006</subfield>
  </datafield>
  <datafield tag="670" ind1=" " ind2=" ">
    <subfield code="a">CONOR.SI, cit. 6. 11. 2020</subfield>
    <subfield code="b">autoritní forma, data</subfield>
  </datafield>
  <datafield tag="670" ind1=" " ind2=" ">
    <subfield code="a">www(Slovenska biografija), cit. 6. 11. 2020</subfield>
    <subfield code="b">odkazy viz, biografické údaje</subfield>
  </datafield>
  <datafield tag="670" ind1=" " ind2=" ">
    <subfield code="a">www(Viquipèdia, L'enciclopèdia lliure - José Riavez), cit. 6. 11. 2020</subfield>
    <subfield code="b">odkaz viz, biografické údaje</subfield>
    <subfield code="u">https://ca.wikipedia.org/wiki/José_Riavez</subfield>
  </datafield>
  <datafield tag="678" ind1="0" ind2=" ">
    <subfield code="a">Slovinský operní pěvec a pedagog.</subfield>
  </datafield>
  <datafield tag="906" ind1=" " ind2=" ">
    <subfield code="a">za20201106</subfield>
    <subfield code="b">xalso</subfield>
  </datafield>
  <datafield tag="906" ind1=" " ind2=" ">
    <subfield code="a">op20201109</subfield>
    <subfield code="b">beba</subfield>
    <subfield code="c">370ab nově; 372a doplnění; 670 a doplnění; 670b formální oprava</subfield>
  </datafield>
</record>