

<record>
  <leader>     cz  a22     n  4500</leader>
  <controlfield tag="001">xx0253647</controlfield>
  <controlfield tag="003">CZ PrNK</controlfield>
  <controlfield tag="005">20201109164051.0</controlfield>
  <controlfield tag="008">201106|n|aznnnaabn           n a|a      </controlfield>
  <datafield tag="024" ind1="7" ind2=" ">
    <subfield code="a">0000000373759969</subfield>
    <subfield code="2">isni</subfield>
  </datafield>
  <datafield tag="040" ind1=" " ind2=" ">
    <subfield code="a">ABE304</subfield>
    <subfield code="b">cze</subfield>
    <subfield code="d">ABA001</subfield>
    <subfield code="e">rda</subfield>
  </datafield>
  <datafield tag="046" ind1=" " ind2=" ">
    <subfield code="f">1876</subfield>
    <subfield code="g">1940</subfield>
  </datafield>
  <datafield tag="100" ind1="1" ind2=" ">
    <subfield code="a">Rostrup, Egill,</subfield>
    <subfield code="d">1876-1940</subfield>
    <subfield code="7">xx0253647</subfield>
  </datafield>
  <datafield tag="370" ind1=" " ind2=" ">
    <subfield code="c">Dánsko</subfield>
  </datafield>
  <datafield tag="372" ind1=" " ind2=" ">
    <subfield code="a">film</subfield>
    <subfield code="a">herectví</subfield>
    <subfield code="a">divadelní režie</subfield>
    <subfield code="a">divadlo</subfield>
    <subfield code="a">dějiny divadla</subfield>
  </datafield>
  <datafield tag="374" ind1=" " ind2=" ">
    <subfield code="a">herci</subfield>
    <subfield code="a">divadelní režiséři</subfield>
    <subfield code="a">teatrologové</subfield>
  </datafield>
  <datafield tag="375" ind1=" " ind2=" ">
    <subfield code="a">muž</subfield>
  </datafield>
  <datafield tag="377" ind1=" " ind2=" ">
    <subfield code="a">dan</subfield>
  </datafield>
  <datafield tag="400" ind1="1" ind2=" ">
    <subfield code="a">Rostrup, Eigill,</subfield>
    <subfield code="d">1876-1940</subfield>
    <subfield code="0">o</subfield>
  </datafield>
  <datafield tag="400" ind1="1" ind2=" ">
    <subfield code="a">Rostrup, Egill Barfod,</subfield>
    <subfield code="d">1876-1940</subfield>
    <subfield code="0">o</subfield>
  </datafield>
  <datafield tag="670" ind1=" " ind2=" ">
    <subfield code="a">Rostrup, Eigill - Larsen, Anker: Bunkovy předhistorie, 1910</subfield>
    <subfield code="b">odkaz viz</subfield>
  </datafield>
  <datafield tag="670" ind1=" " ind2=" ">
    <subfield code="a">KB-DA, cit. 6. 11. 2020</subfield>
    <subfield code="b">autoritní forma</subfield>
  </datafield>
  <datafield tag="670" ind1=" " ind2=" ">
    <subfield code="a">www(Wikipedia, den frie encyklopædi), cit. 6. 11. 2020</subfield>
    <subfield code="b">data, biografické údaje, odkaz viz</subfield>
    <subfield code="u">https://da.wikipedia.org/wiki/Egill_Rostrup</subfield>
  </datafield>
  <datafield tag="678" ind1="0" ind2=" ">
    <subfield code="a">Dánský herec, režisér a teatrolog.</subfield>
  </datafield>
  <datafield tag="906" ind1=" " ind2=" ">
    <subfield code="a">za20201106</subfield>
    <subfield code="b">xalso</subfield>
  </datafield>
  <datafield tag="906" ind1=" " ind2=" ">
    <subfield code="a">op20201109</subfield>
    <subfield code="b">beba</subfield>
    <subfield code="c">670b formální oprava</subfield>
  </datafield>
</record>