

<record>
  <leader>     nz  a22     n  4500</leader>
  <datafield tag="900" ind1=" " ind2=" ">
    <subfield code="a">J-NÁVRH</subfield>
  </datafield>
  <controlfield tag="001">xx0253670</controlfield>
  <controlfield tag="003">CZ PrNK</controlfield>
  <controlfield tag="005">20201106233115.5</controlfield>
  <controlfield tag="008">201106|n|aznnnaabn           n a|a      </controlfield>
  <datafield tag="040" ind1=" " ind2=" ">
    <subfield code="a">OLD012</subfield>
    <subfield code="b">cze</subfield>
    <subfield code="e">rda</subfield>
  </datafield>
  <datafield tag="100" ind1="1" ind2=" ">
    <subfield code="a">Wilber, Randall L.,</subfield>
    <subfield code="d">1954-</subfield>
    <subfield code="7">xx0253670</subfield>
  </datafield>
  <datafield tag="370" ind1=" " ind2=" ">
    <subfield code="c">Spojené státy americké</subfield>
  </datafield>
  <datafield tag="372" ind1=" " ind2=" ">
    <subfield code="a">sport</subfield>
    <subfield code="a">fyziologie</subfield>
    <subfield code="a">atletika</subfield>
    <subfield code="a">astma</subfield>
  </datafield>
  <datafield tag="374" ind1=" " ind2=" ">
    <subfield code="a">fyziologové</subfield>
  </datafield>
  <datafield tag="375" ind1=" " ind2=" ">
    <subfield code="a">muž</subfield>
  </datafield>
  <datafield tag="377" ind1=" " ind2=" ">
    <subfield code="a">eng</subfield>
  </datafield>
  <datafield tag="670" ind1=" " ind2=" ">
    <subfield code="a">Wilber, Randall L.: Altitude training and athletic performance, 2004</subfield>
    <subfield code="b">biografické údaje</subfield>
  </datafield>
  <datafield tag="670" ind1=" " ind2=" ">
    <subfield code="a">LC (Names), cit. 5. 11. 2020</subfield>
    <subfield code="b">autoritní forma, datum narození</subfield>
  </datafield>
  <datafield tag="670" ind1=" " ind2=" ">
    <subfield code="a">www(Amazon.com), cit. 5. 11. 2020</subfield>
    <subfield code="b">biografické údaje</subfield>
  </datafield>
  <datafield tag="678" ind1="0" ind2=" ">
    <subfield code="a">Americký sportovní fyziolog zaměřený na výškový trénink atletů, astma vyvolané cvičením a na ergogenní pomůcky ke zvýšení atletického výkonu.</subfield>
  </datafield>
  <datafield tag="906" ind1=" " ind2=" ">
    <subfield code="a">za20201106</subfield>
    <subfield code="b">xletr</subfield>
  </datafield>
</record>