

<record>
  <leader>     nz  a22     n  4500</leader>
  <controlfield tag="001">kon20201091943</controlfield>
  <controlfield tag="003">CZ PrNK</controlfield>
  <controlfield tag="005">20201109072150.0</controlfield>
  <controlfield tag="008">201109|n|aznnnaabn           n a|a      </controlfield>
  <datafield tag="040" ind1=" " ind2=" ">
    <subfield code="a">ABA001</subfield>
    <subfield code="b">cze</subfield>
    <subfield code="e">rda</subfield>
  </datafield>
  <datafield tag="110" ind1="2" ind2=" ">
    <subfield code="a">Českobratrská církev evangelická.</subfield>
    <subfield code="b">Sbor (Hronov, Česko).</subfield>
    <subfield code="t">Ročenka (Českobratrská církev evangelická. Sbor (Hronov, Česko))</subfield>
    <subfield code="7">kon20201091943</subfield>
  </datafield>
  <datafield tag="410" ind1="2" ind2=" ">
    <subfield code="a">Českobratrská církev evangelická.</subfield>
    <subfield code="b">Sbor (Hronov, Česko).</subfield>
    <subfield code="t">Ročenka Českobratrské církve evangelické v Hronově</subfield>
    <subfield code="0">o</subfield>
  </datafield>
  <datafield tag="670" ind1=" " ind2=" ">
    <subfield code="a">Ročenka Českobratrské církve evangelické v Hronově za rok .... V Hronově : Staršovstvo sboru českobratrské církve evangelické, 1[1937-1942]</subfield>
  </datafield>
  <datafield tag="906" ind1=" " ind2=" ">
    <subfield code="a">br20201109</subfield>
    <subfield code="b">juri</subfield>
  </datafield>
  <datafield tag="906" ind1=" " ind2=" ">
    <subfield code="a">ks20201109</subfield>
    <subfield code="b">juri</subfield>
  </datafield>
</record>