

<record>
  <leader>     cz  a22     n  4500</leader>
  <controlfield tag="001">ko20201091957</controlfield>
  <controlfield tag="003">CZ PrNK</controlfield>
  <controlfield tag="005">20201112095229.0</controlfield>
  <controlfield tag="008">201109|n|aznnnaabn           n a|a      </controlfield>
  <datafield tag="040" ind1=" " ind2=" ">
    <subfield code="a">ABA001</subfield>
    <subfield code="b">cze</subfield>
    <subfield code="d">ABA001</subfield>
    <subfield code="e">rda</subfield>
  </datafield>
  <datafield tag="110" ind1="2" ind2=" ">
    <subfield code="a">Družstvo pro postavení sokolovny v Kojetíně</subfield>
    <subfield code="7">ko20201091957</subfield>
  </datafield>
  <datafield tag="368" ind1=" " ind2=" ">
    <subfield code="a">družstva</subfield>
  </datafield>
  <datafield tag="370" ind1=" " ind2=" ">
    <subfield code="c">Česko</subfield>
    <subfield code="e">Kojetín, Přerov, Česko</subfield>
    <subfield code="f">Československo</subfield>
  </datafield>
  <datafield tag="372" ind1=" " ind2=" ">
    <subfield code="a">tělovýchovné organizace</subfield>
    <subfield code="a">sokolské hnutí</subfield>
    <subfield code="a">stavební práce</subfield>
  </datafield>
  <datafield tag="377" ind1=" " ind2=" ">
    <subfield code="a">cze</subfield>
  </datafield>
  <datafield tag="670" ind1=" " ind2=" ">
    <subfield code="a">Výroční zpráva Tělocvičné jednoty Sokol Kojetín a Družstva pro postavení sokolovny v Kojetíně : za rok ...</subfield>
  </datafield>
  <datafield tag="670" ind1=" " ind2=" ">
    <subfield code="a">Rohová, Hana: Sokol Kojetín a jeho vliv na výchovu mladé generace (diplomová práce)</subfield>
    <subfield code="u">https://adoc.pub/sokol-kojetin-a-jeho-vliv-na-vychovu-mlade-generace.html</subfield>
  </datafield>
  <datafield tag="678" ind1=" " ind2=" ">
    <subfield code="a">Družstvo vzniklo 23. 5. 1918, pravděpodobně zaniklo s dostavěním sokolovny v roce 1928.</subfield>
  </datafield>
  <datafield tag="906" ind1=" " ind2=" ">
    <subfield code="a">za20201109</subfield>
    <subfield code="b">vemo</subfield>
  </datafield>
  <datafield tag="906" ind1=" " ind2=" ">
    <subfield code="a">oz20201111</subfield>
    <subfield code="b">adpi</subfield>
    <subfield code="c">Záhlaví - oprava indikátoru, další info - nově, související místo - nově, oblast působení - nově, jazyk - nově</subfield>
  </datafield>
  <datafield tag="906" ind1=" " ind2=" ">
    <subfield code="a">op20201112</subfield>
    <subfield code="b">svsv</subfield>
    <subfield code="c">Související místo - doplnění</subfield>
  </datafield>
</record>