

<record>
  <leader>     nz  a22     n  4500</leader>
  <controlfield tag="001">kon20201091967</controlfield>
  <controlfield tag="003">CZ PrNK</controlfield>
  <controlfield tag="005">20201109095451.0</controlfield>
  <controlfield tag="008">201109|n|aznnnaabn           n a|a      </controlfield>
  <datafield tag="040" ind1=" " ind2=" ">
    <subfield code="a">ABA001</subfield>
    <subfield code="b">cze</subfield>
    <subfield code="e">rda</subfield>
  </datafield>
  <datafield tag="110" ind1="2" ind2=" ">
    <subfield code="a">Prager Burschenschaft "Germania".</subfield>
    <subfield code="t">Výroční zpráva (Prager Burschenschaft "Germania").</subfield>
    <subfield code="l">Německy</subfield>
    <subfield code="7">kon20201091967</subfield>
  </datafield>
  <datafield tag="410" ind1="2" ind2=" ">
    <subfield code="a">Prager Burschenschaft "Germania".</subfield>
    <subfield code="t">Jahres-Bericht der Prager progressistischen akademischen Burschenschaft Germania</subfield>
    <subfield code="0">o</subfield>
  </datafield>
  <datafield tag="670" ind1=" " ind2=" ">
    <subfield code="a">Jahres-Bericht der Prager progressistischen akademischen Burschenschaft Germania. Prag : Verlag der akademischen Burschenschaft Germania, 1869-[1923?]</subfield>
  </datafield>
  <datafield tag="906" ind1=" " ind2=" ">
    <subfield code="a">br20201109</subfield>
    <subfield code="b">juri</subfield>
  </datafield>
  <datafield tag="906" ind1=" " ind2=" ">
    <subfield code="a">ks20201109</subfield>
    <subfield code="b">juri</subfield>
  </datafield>
</record>