

<record>
  <leader>     nz  a22     n  4500</leader>
  <controlfield tag="001">jo20201091970</controlfield>
  <controlfield tag="003">CZ PrNK</controlfield>
  <controlfield tag="005">20201109095555.0</controlfield>
  <controlfield tag="008">201109|n|aznnnaabn           n a|a      </controlfield>
  <datafield tag="040" ind1=" " ind2=" ">
    <subfield code="a">ABA001</subfield>
    <subfield code="b">cze</subfield>
    <subfield code="e">rda</subfield>
  </datafield>
  <datafield tag="100" ind1="0" ind2=" ">
    <subfield code="a">Faethón</subfield>
    <subfield code="c">(mytologická postava)</subfield>
    <subfield code="7">jo20201091970</subfield>
  </datafield>
  <datafield tag="368" ind1=" " ind2=" ">
    <subfield code="c">mytologické postavy</subfield>
  </datafield>
  <datafield tag="370" ind1=" " ind2=" ">
    <subfield code="f">starověké Řecko</subfield>
  </datafield>
  <datafield tag="375" ind1=" " ind2=" ">
    <subfield code="a">muž</subfield>
  </datafield>
  <datafield tag="400" ind1="0" ind2=" ">
    <subfield code="a">Faetón</subfield>
    <subfield code="c">(mytologická postava)</subfield>
    <subfield code="0">o</subfield>
  </datafield>
  <datafield tag="400" ind1="0" ind2=" ">
    <subfield code="a">Faëthón</subfield>
    <subfield code="c">(mytologická postava)</subfield>
    <subfield code="0">o</subfield>
  </datafield>
  <datafield tag="400" ind1="0" ind2=" ">
    <subfield code="a">Phaethon</subfield>
    <subfield code="c">(mytologická postava)</subfield>
    <subfield code="0">o</subfield>
  </datafield>
  <datafield tag="670" ind1=" " ind2=" ">
    <subfield code="a">Bendová, Eva ... et al.: Impossible heroes :Icarus and Phaeton as the emblematic figures of modern man = Nemístní hrdinové : Íkaros a Faetón jako emblematické figury moderního člověka, 2020</subfield>
    <subfield code="b">odkaz viz</subfield>
  </datafield>
  <datafield tag="670" ind1=" " ind2=" ">
    <subfield code="a">www(Wikipedie, otevřená encyklopedie), cit. 9. 11. 2020</subfield>
    <subfield code="b">odkaz viz, biografické údaje</subfield>
    <subfield code="u">https://cs.wikipedia.org/wiki/Faethón</subfield>
  </datafield>
  <datafield tag="670" ind1=" " ind2=" ">
    <subfield code="a">Slovník antické kultury. -- Praha : Svoboda, 1974</subfield>
    <subfield code="b">odkaz viz</subfield>
  </datafield>
  <datafield tag="670" ind1=" " ind2=" ">
    <subfield code="a">Martin, René ... [et al.]: Slovník řecko-římské mytologie a kultury, 1993</subfield>
    <subfield code="b">autoritní forma</subfield>
  </datafield>
  <datafield tag="678" ind1="0" ind2=" ">
    <subfield code="a">Postava řecké mytologie, syn boha slunce Hélia a jeho milenky Klymené.</subfield>
  </datafield>
  <datafield tag="906" ind1=" " ind2=" ">
    <subfield code="a">br20201109</subfield>
    <subfield code="b">tone</subfield>
  </datafield>
</record>