

<record>
  <leader>     nz  a22     n  4500</leader>
  <datafield tag="900" ind1=" " ind2=" ">
    <subfield code="a">V-NÁVRH</subfield>
  </datafield>
  <controlfield tag="001">ph1091981</controlfield>
  <controlfield tag="003">CZ PrNK</controlfield>
  <controlfield tag="005">20201109101340.0</controlfield>
  <controlfield tag="008">201109|n|anznnbabn           n a|a      </controlfield>
  <datafield tag="040" ind1=" " ind2=" ">
    <subfield code="a">ABA001</subfield>
    <subfield code="b">cze</subfield>
  </datafield>
  <datafield tag="072" ind1=" " ind2="7">
    <subfield code="a">355/359</subfield>
    <subfield code="x">Vojenství. Obrana země. Ozbrojené síly</subfield>
    <subfield code="2">Konspekt</subfield>
    <subfield code="9">15</subfield>
  </datafield>
  <datafield tag="072" ind1=" " ind2="7">
    <subfield code="a">94(46)</subfield>
    <subfield code="x">Dějiny států a území na Pyrenejském poloostrově</subfield>
    <subfield code="2">Konspekt</subfield>
    <subfield code="9">8</subfield>
  </datafield>
  <datafield tag="080" ind1=" " ind2=" ">
    <subfield code="a">355.483(469.9)”1829"</subfield>
    <subfield code="c">vojenství</subfield>
    <subfield code="d">military history</subfield>
    <subfield code="2">MRF_2014</subfield>
  </datafield>
  <datafield tag="080" ind1=" " ind2=" ">
    <subfield code="a">94(469.9)”1829”</subfield>
    <subfield code="c">dějiny</subfield>
    <subfield code="d">history</subfield>
    <subfield code="2">MRF_2014</subfield>
  </datafield>
  <datafield tag="150" ind1=" " ind2=" ">
    <subfield code="a">bitva o Praia da Vitória (1829 : Praia da Vitória, Portugalsko)</subfield>
    <subfield code="7">ph1091981</subfield>
  </datafield>
  <datafield tag="550" ind1=" " ind2=" ">
    <subfield code="w">g</subfield>
    <subfield code="a">portugalská občanská válka (1832-1834)</subfield>
    <subfield code="7">ph1085952</subfield>
  </datafield>
  <datafield tag="750" ind1="0" ind2="7">
    <subfield code="a">battle of Praia da Vitória (1829 : Praia da Vitória, Portugal)</subfield>
    <subfield code="2">eczenas</subfield>
  </datafield>
  <datafield tag="906" ind1=" " ind2=" ">
    <subfield code="a">za20201109</subfield>
    <subfield code="b">mikr</subfield>
  </datafield>
</record>