

<record>
  <leader>     nz  a22     n  4500</leader>
  <controlfield tag="001">aun20201091991</controlfield>
  <controlfield tag="003">CZ PrNK</controlfield>
  <controlfield tag="005">20201109102813.0</controlfield>
  <controlfield tag="008">201109|n|aznnnaabn           n a|a      </controlfield>
  <datafield tag="040" ind1=" " ind2=" ">
    <subfield code="a">ABA001</subfield>
    <subfield code="b">cze</subfield>
    <subfield code="e">rda</subfield>
  </datafield>
  <datafield tag="100" ind1="1" ind2=" ">
    <subfield code="a">Shaw, Bernard,</subfield>
    <subfield code="d">1856-1950.</subfield>
    <subfield code="t">Cashel Byron's profession.</subfield>
    <subfield code="l">Německy</subfield>
    <subfield code="7">aun20201091991</subfield>
  </datafield>
  <datafield tag="400" ind1="1" ind2=" ">
    <subfield code="a">Shaw, Bernard,</subfield>
    <subfield code="d">1856-1950.</subfield>
    <subfield code="t">Cashel Byrons Beruf</subfield>
    <subfield code="0">o</subfield>
  </datafield>
  <datafield tag="670" ind1=" " ind2=" ">
    <subfield code="a">BLPC</subfield>
  </datafield>
  <datafield tag="670" ind1=" " ind2=" ">
    <subfield code="a">Slovník spisovatelů: Anglická literatura: Africké literatury v angličtině : Libri</subfield>
  </datafield>
  <datafield tag="670" ind1=" " ind2=" ">
    <subfield code="a">Cashel Byrons Berufroman / Bernard Shaw. Karlsbad-Fischern : Urania Verlag, [kolem 1927?]</subfield>
  </datafield>
  <datafield tag="906" ind1=" " ind2=" ">
    <subfield code="a">br20201109</subfield>
    <subfield code="b">juri</subfield>
  </datafield>
  <datafield tag="906" ind1=" " ind2=" ">
    <subfield code="a">ks20201109</subfield>
    <subfield code="b">juri</subfield>
  </datafield>
</record>