

<record>
  <leader>     nz  a22     n  4500</leader>
  <datafield tag="900" ind1=" " ind2=" ">
    <subfield code="a">J-NÁVRH-S</subfield>
  </datafield>
  <controlfield tag="001">js20201092008</controlfield>
  <controlfield tag="003">CZ PrNK</controlfield>
  <controlfield tag="005">20201109112423.0</controlfield>
  <controlfield tag="008">201109|n|aznnnaabn           n a|a      </controlfield>
  <datafield tag="024" ind1="7" ind2=" ">
    <subfield code="a">Q19380833</subfield>
    <subfield code="2">wikidata</subfield>
  </datafield>
  <datafield tag="040" ind1=" " ind2=" ">
    <subfield code="a">ABA004</subfield>
    <subfield code="b">cze</subfield>
    <subfield code="e">rda</subfield>
  </datafield>
  <datafield tag="046" ind1=" " ind2=" ">
    <subfield code="f">1889</subfield>
    <subfield code="g">1951</subfield>
  </datafield>
  <datafield tag="100" ind1="1" ind2=" ">
    <subfield code="a">Nachman, Magda,</subfield>
    <subfield code="d">1889-1951</subfield>
    <subfield code="7">js20201092008</subfield>
  </datafield>
  <datafield tag="370" ind1=" " ind2=" ">
    <subfield code="c">Rusko</subfield>
    <subfield code="c">Indie</subfield>
    <subfield code="s">1934</subfield>
  </datafield>
  <datafield tag="372" ind1=" " ind2=" ">
    <subfield code="a">malířství</subfield>
    <subfield code="a">kresba</subfield>
    <subfield code="a">knižní ilustrace</subfield>
    <subfield code="a">scénografie</subfield>
  </datafield>
  <datafield tag="374" ind1=" " ind2=" ">
    <subfield code="a">malířky</subfield>
    <subfield code="a">kreslířky</subfield>
    <subfield code="a">ilustrátorky</subfield>
    <subfield code="a">scénografky</subfield>
  </datafield>
  <datafield tag="375" ind1=" " ind2=" ">
    <subfield code="a">žena</subfield>
  </datafield>
  <datafield tag="377" ind1=" " ind2=" ">
    <subfield code="a">rus</subfield>
  </datafield>
  <datafield tag="400" ind1="1" ind2=" ">
    <subfield code="a">Nachman Acharya, Magda,</subfield>
    <subfield code="d">1889-1951</subfield>
    <subfield code="0">o</subfield>
  </datafield>
  <datafield tag="400" ind1="1" ind2=" ">
    <subfield code="a">Nachman, Magda Maksimilianovna,</subfield>
    <subfield code="d">1889-1951</subfield>
    <subfield code="0">o</subfield>
  </datafield>
  <datafield tag="400" ind1="1" ind2=" ">
    <subfield code="a">Nachman Ačarija, Magda Maksimilianovna,</subfield>
    <subfield code="d">1889-1951</subfield>
    <subfield code="0">o</subfield>
  </datafield>
  <datafield tag="670" ind1=" " ind2=" ">
    <subfield code="a">www(Wikipedia, the free encyclopedia), cit. 9. 11. 2020</subfield>
    <subfield code="b">odkaz viz</subfield>
    <subfield code="u">https://en.wikipedia.org/wiki/Magda_Nachman_Acharya</subfield>
  </datafield>
  <datafield tag="670" ind1=" " ind2=" ">
    <subfield code="a">www(Vikipedija, svobodnaja ènciklopedija), cit. 9. 11. 2020</subfield>
    <subfield code="b">autoritní forma, datum narození a úmrtí, profesní údaje, odkaz viz</subfield>
    <subfield code="u">https://ru.wikipedia.org/wiki/%D0%9D%D0%B0%D1%85%D0%BC%D0%B0%D0%BD,_%D0%9C%D0%B0%D0%B3%D0%B4%D0%B0_%D0%9C%D0%B0%D0%BA%D1%81%D0%B8%D0%BC%D0%B8%D0%BB%D0%B8%D0%B0%D0%BD%D0%BE%D0%B2%D0%BD%D0%B0</subfield>
  </datafield>
  <datafield tag="670" ind1=" " ind2=" ">
    <subfield code="a">Bernstein, Lina: Magda Nachman :an artist in exile; 2020</subfield>
  </datafield>
  <datafield tag="675" ind1=" " ind2=" ">
    <subfield code="a">RSL, cit. 9. 11. 2020</subfield>
  </datafield>
  <datafield tag="678" ind1="0" ind2=" ">
    <subfield code="a">Rusko-indická malířka, kreslířka a knižní ilustrátorka, scénografka, od 1934 v emigraci v Bombaji v Indii.</subfield>
  </datafield>
  <datafield tag="906" ind1=" " ind2=" ">
    <subfield code="a">za20201109</subfield>
    <subfield code="b">mahr</subfield>
  </datafield>
</record>