

<record>
  <leader>     nz  a22     n  4500</leader>
  <controlfield tag="001">aun20201092009</controlfield>
  <controlfield tag="003">CZ PrNK</controlfield>
  <controlfield tag="005">20201109113935.0</controlfield>
  <controlfield tag="008">201109|n|aznnnaabn           n a|a      </controlfield>
  <datafield tag="040" ind1=" " ind2=" ">
    <subfield code="a">ABA001</subfield>
    <subfield code="b">cze</subfield>
    <subfield code="e">rda</subfield>
  </datafield>
  <datafield tag="100" ind1="1" ind2=" ">
    <subfield code="a">Gor‘kij, Maksim,</subfield>
    <subfield code="d">1868-1936.</subfield>
    <subfield code="t">Žizn‘ Klima Samgina.</subfield>
    <subfield code="l">Česky</subfield>
    <subfield code="7">aun20201092009</subfield>
  </datafield>
  <datafield tag="400" ind1="1" ind2=" ">
    <subfield code="a">Gor‘kij, Maksim,</subfield>
    <subfield code="d">1868-1936.</subfield>
    <subfield code="t">Život Klima Samgina</subfield>
    <subfield code="0">o</subfield>
  </datafield>
  <datafield tag="670" ind1=" " ind2=" ">
    <subfield code="a">RSL, cit. 09. 11. 2020</subfield>
  </datafield>
  <datafield tag="670" ind1=" " ind2=" ">
    <subfield code="a">www(Wikipedie, otevřená encyklopedie), cit. 09. 11. 2020</subfield>
  </datafield>
  <datafield tag="670" ind1=" " ind2=" ">
    <subfield code="a">Maxim Gorkij: Život Klima Samgina. Praha : Melantrich a.s., 1933</subfield>
  </datafield>
  <datafield tag="906" ind1=" " ind2=" ">
    <subfield code="a">br20201109</subfield>
    <subfield code="b">blau</subfield>
  </datafield>
  <datafield tag="906" ind1=" " ind2=" ">
    <subfield code="a">ks20201109</subfield>
    <subfield code="b">blau</subfield>
  </datafield>
</record>