

<record>
  <leader>     nz  a22     n  4500</leader>
  <datafield tag="900" ind1=" " ind2=" ">
    <subfield code="a">*J-NÁVRH</subfield>
  </datafield>
  <controlfield tag="001">mzk20201092029</controlfield>
  <controlfield tag="003">CZ PrNK</controlfield>
  <controlfield tag="005">20201109132002.0</controlfield>
  <controlfield tag="008">201109|n|aznnnaabn           n a|a      </controlfield>
  <datafield tag="024" ind1="7" ind2=" ">
    <subfield code="a">Q343487</subfield>
    <subfield code="2">wikidata</subfield>
  </datafield>
  <datafield tag="024" ind1="7" ind2=" ">
    <subfield code="a">000000006643059X</subfield>
    <subfield code="2">isni</subfield>
  </datafield>
  <datafield tag="040" ind1=" " ind2=" ">
    <subfield code="a">BOA001</subfield>
    <subfield code="b">cze</subfield>
    <subfield code="e">rda</subfield>
  </datafield>
  <datafield tag="046" ind1=" " ind2=" ">
    <subfield code="f">1897</subfield>
    <subfield code="g">1966</subfield>
  </datafield>
  <datafield tag="100" ind1="1" ind2=" ">
    <subfield code="a">Cisek, Oscar Walter,</subfield>
    <subfield code="d">1897-1966</subfield>
    <subfield code="7">mzk20201092029</subfield>
  </datafield>
  <datafield tag="370" ind1=" " ind2=" ">
    <subfield code="a">Bukurešť, Rumunsko</subfield>
    <subfield code="b">Bukurešť, Rumunsko</subfield>
    <subfield code="c">Rumunsko</subfield>
    <subfield code="c">Česko</subfield>
    <subfield code="c">Německo</subfield>
    <subfield code="c">Rakousko</subfield>
    <subfield code="c">Švýcarsko</subfield>
  </datafield>
  <datafield tag="372" ind1=" " ind2=" ">
    <subfield code="a">germanistika</subfield>
    <subfield code="a">umělecká kritika</subfield>
    <subfield code="a">německá próza</subfield>
    <subfield code="a">německá poezie</subfield>
    <subfield code="a">diplomacie</subfield>
  </datafield>
  <datafield tag="374" ind1=" " ind2=" ">
    <subfield code="a">germanisté</subfield>
    <subfield code="a">umělečtí kritici</subfield>
    <subfield code="a">prozaici</subfield>
    <subfield code="a">básníci</subfield>
    <subfield code="a">esejisté</subfield>
    <subfield code="a">diplomaté</subfield>
  </datafield>
  <datafield tag="375" ind1=" " ind2=" ">
    <subfield code="a">muž</subfield>
  </datafield>
  <datafield tag="377" ind1=" " ind2=" ">
    <subfield code="a">rum</subfield>
    <subfield code="a">ger</subfield>
  </datafield>
  <datafield tag="400" ind1="1" ind2=" ">
    <subfield code="a">Cisek, O. W.,</subfield>
    <subfield code="d">1897-1966</subfield>
    <subfield code="0">o</subfield>
  </datafield>
  <datafield tag="670" ind1=" " ind2=" ">
    <subfield code="a">Cisek, Oscar Walter: Reisigfeuer. [1.], Das Buch Crisan, 1961</subfield>
  </datafield>
  <datafield tag="670" ind1=" " ind2=" ">
    <subfield code="a">www(Biblioteca Naţională a României), cit. 9. 11. 2020</subfield>
    <subfield code="b">autoritní forma</subfield>
  </datafield>
  <datafield tag="670" ind1=" " ind2=" ">
    <subfield code="a">DNB, cit. 9. 11. 2020</subfield>
    <subfield code="b">odkaz viz, biografické údaje, rok a místo narození, rok a místo úmrtí</subfield>
  </datafield>
  <datafield tag="670" ind1=" " ind2=" ">
    <subfield code="a">www(Wikipedia, die freie Enzyklopädie), cit. 9. 11. 2020</subfield>
    <subfield code="b">biografické údaje, rok a místo narození, rok a místo úmrtí</subfield>
    <subfield code="u">https://de.wikipedia.org/wiki/Oscar_Walter_Cisek</subfield>
  </datafield>
  <datafield tag="678" ind1="0" ind2=" ">
    <subfield code="a">Rumunsko-německý germanista, kritik umění, německý prozaik, básník a esejista, diplomat ve Vídni, Praze, Berlíně a Bernu.</subfield>
  </datafield>
  <datafield tag="906" ind1=" " ind2=" ">
    <subfield code="a">za20201109</subfield>
    <subfield code="b">basiil</subfield>
  </datafield>
</record>