

<record>
  <leader>     nz  a22     n  4500</leader>
  <controlfield tag="001">kon20201092053</controlfield>
  <controlfield tag="003">CZ PrNK</controlfield>
  <controlfield tag="005">20201109145507.0</controlfield>
  <controlfield tag="008">201109|n|aznnnaabn           n a|a      </controlfield>
  <datafield tag="040" ind1=" " ind2=" ">
    <subfield code="a">ABA001</subfield>
    <subfield code="b">cze</subfield>
    <subfield code="e">rda</subfield>
  </datafield>
  <datafield tag="110" ind1="2" ind2=" ">
    <subfield code="a">Tělocvičná jednota Sokol Domažlice (1868-1948).</subfield>
    <subfield code="t">Výroční zpráva (Tělocvičná jednota Sokol Domažlice (1868-1948))</subfield>
    <subfield code="7">kon20201092053</subfield>
  </datafield>
  <datafield tag="410" ind1="2" ind2=" ">
    <subfield code="a">Tělocvičná jednota Sokol Domažlice (1868-1948).</subfield>
    <subfield code="t">Výroční zpráva Tělocvičné jednoty Sokol v Domažlicích</subfield>
    <subfield code="0">o</subfield>
  </datafield>
  <datafield tag="410" ind1="2" ind2=" ">
    <subfield code="a">Tělocvičná jednota Sokol Domažlice (1868-1948).</subfield>
    <subfield code="t">Výroční zpráva Tělocvičné jednoty Sokol Domažlice</subfield>
    <subfield code="0">o</subfield>
  </datafield>
  <datafield tag="670" ind1=" " ind2=" ">
    <subfield code="a">Výroční zpráva Tělocvičné jednoty Sokol v Domažlicích. [Domažlice] : nákladem vlastním, [1869-1949?]</subfield>
  </datafield>
  <datafield tag="906" ind1=" " ind2=" ">
    <subfield code="a">br20201109</subfield>
    <subfield code="b">juri</subfield>
  </datafield>
  <datafield tag="906" ind1=" " ind2=" ">
    <subfield code="a">ks20201109</subfield>
    <subfield code="b">juri</subfield>
  </datafield>
</record>