

<record>
  <leader>     nz  a22     n  4500</leader>
  <datafield tag="900" ind1=" " ind2=" ">
    <subfield code="a">*J-NÁVRH</subfield>
  </datafield>
  <controlfield tag="001">av20201092056</controlfield>
  <controlfield tag="003">CZ PrNK</controlfield>
  <controlfield tag="005">20201109152338.0</controlfield>
  <controlfield tag="008">201109|n|aznnnaabn           n a|a      </controlfield>
  <datafield tag="040" ind1=" " ind2=" ">
    <subfield code="a">ABB060</subfield>
    <subfield code="b">cze</subfield>
    <subfield code="e">rda</subfield>
  </datafield>
  <datafield tag="046" ind1=" " ind2=" ">
    <subfield code="f">1938</subfield>
  </datafield>
  <datafield tag="100" ind1="1" ind2=" ">
    <subfield code="a">Liška, Vladimír,</subfield>
    <subfield code="d">1938-</subfield>
    <subfield code="7">av20201092056</subfield>
  </datafield>
  <datafield tag="370" ind1=" " ind2=" ">
    <subfield code="a">Rachov, Ukrajina</subfield>
    <subfield code="c">Ukrajina</subfield>
    <subfield code="c">Česko</subfield>
    <subfield code="f">Liberec, Česko</subfield>
  </datafield>
  <datafield tag="372" ind1=" " ind2=" ">
    <subfield code="a">výchova a vzdělávání</subfield>
    <subfield code="a">management školy</subfield>
    <subfield code="a">ekologie</subfield>
    <subfield code="a">dyslexie</subfield>
    <subfield code="a">próza</subfield>
  </datafield>
  <datafield tag="374" ind1=" " ind2=" ">
    <subfield code="a">učitelé základních škol</subfield>
    <subfield code="a">ředitelé škol</subfield>
    <subfield code="a">prozaici</subfield>
  </datafield>
  <datafield tag="375" ind1=" " ind2=" ">
    <subfield code="a">muž</subfield>
  </datafield>
  <datafield tag="377" ind1=" " ind2=" ">
    <subfield code="a">cze</subfield>
  </datafield>
  <datafield tag="670" ind1=" " ind2=" ">
    <subfield code="a">Liška, Vladimír: Dáma z jezera. In: Světlik. R. 2012, č. 43, s. 36-38</subfield>
    <subfield code="b">autoritní forma</subfield>
  </datafield>
  <datafield tag="670" ind1=" " ind2=" ">
    <subfield code="a">[Vladimír Liška - biogram]. In: Světlik. R. 2012, č. 43, s. 38</subfield>
    <subfield code="b">datum narození, biografické údaje, charakteristika činnosti</subfield>
  </datafield>
  <datafield tag="678" ind1="0" ind2=" ">
    <subfield code="a">Narozen 23. 10. 1938 v Rachově (Podkarpatská Rus). Učitel se specializací biologie a geografie, propagátor výuky ekologie na základních školách. Ředitel školy zaměřující se na pomoc dyslektickým dětem. Též autor povídek.</subfield>
  </datafield>
  <datafield tag="906" ind1=" " ind2=" ">
    <subfield code="a">za20201109</subfield>
    <subfield code="b">uclph</subfield>
  </datafield>
</record>