

<record>
  <leader>     nz  a22     n  4500</leader>
  <controlfield tag="001">aun20201092058</controlfield>
  <controlfield tag="003">CZ PrNK</controlfield>
  <controlfield tag="005">20201109155201.0</controlfield>
  <controlfield tag="008">201109|n|aznnnaabn           n a|a      </controlfield>
  <datafield tag="040" ind1=" " ind2=" ">
    <subfield code="a">ABA001</subfield>
    <subfield code="b">cze</subfield>
    <subfield code="e">rda</subfield>
  </datafield>
  <datafield tag="100" ind1="1" ind2=" ">
    <subfield code="a">Mornštajnová, Alena,</subfield>
    <subfield code="d">1963-</subfield>
    <subfield code="t">Tiché roky.</subfield>
    <subfield code="l">Chorvatsky</subfield>
    <subfield code="7">aun20201092058</subfield>
  </datafield>
  <datafield tag="400" ind1="1" ind2=" ">
    <subfield code="a">Mornštajnová, Alena,</subfield>
    <subfield code="d">1963-</subfield>
    <subfield code="t">Tihe godine</subfield>
    <subfield code="0">o</subfield>
  </datafield>
  <datafield tag="670" ind1=" " ind2=" ">
    <subfield code="a">NSK (Nacionalna i sveučilišna knjižnica u Zagrebu)</subfield>
  </datafield>
  <datafield tag="670" ind1=" " ind2=" ">
    <subfield code="a">Tihe godine / Alena Mornštajnová. Zagreb : Hena com, 2020</subfield>
  </datafield>
  <datafield tag="906" ind1=" " ind2=" ">
    <subfield code="a">br20201109</subfield>
    <subfield code="b">hape</subfield>
  </datafield>
  <datafield tag="906" ind1=" " ind2=" ">
    <subfield code="a">ks20201109</subfield>
    <subfield code="b">hape</subfield>
  </datafield>
</record>