

<record>
  <leader>     nz  a22     n  4500</leader>
  <controlfield tag="001">aun20201092064</controlfield>
  <controlfield tag="003">CZ PrNK</controlfield>
  <controlfield tag="005">20201109172245.0</controlfield>
  <controlfield tag="008">201109|n|aznnnaabn           n a|a      </controlfield>
  <datafield tag="040" ind1=" " ind2=" ">
    <subfield code="a">ABA001</subfield>
    <subfield code="b">cze</subfield>
    <subfield code="e">rda</subfield>
  </datafield>
  <datafield tag="100" ind1="0" ind2=" ">
    <subfield code="a">Tomáš Akvinský,</subfield>
    <subfield code="c">svatý,</subfield>
    <subfield code="d">1225-1274.</subfield>
    <subfield code="t">Summa theologiae.</subfield>
    <subfield code="n">Pars 2, II.</subfield>
    <subfield code="n">Quaestio 179-182.</subfield>
    <subfield code="l">Česky</subfield>
    <subfield code="7">aun20201092064</subfield>
  </datafield>
  <datafield tag="400" ind1="0" ind2=" ">
    <subfield code="a">Tomáš Akvinský,</subfield>
    <subfield code="c">svatý,</subfield>
    <subfield code="d">1225-1274.</subfield>
    <subfield code="t">Teologická suma.</subfield>
    <subfield code="n">Část 2, II.</subfield>
    <subfield code="n">Otázka 179-182</subfield>
    <subfield code="0">o</subfield>
  </datafield>
  <datafield tag="670" ind1=" " ind2=" ">
    <subfield code="a">Slovník latinských spisovatelů: Odeon</subfield>
  </datafield>
  <datafield tag="670" ind1=" " ind2=" ">
    <subfield code="a">ICCU, cit. 09. 11. 2020</subfield>
  </datafield>
  <datafield tag="670" ind1=" " ind2=" ">
    <subfield code="a">www(Wikipedia, l'enciclopedia libera), cit. 09. 11. 2020</subfield>
  </datafield>
  <datafield tag="670" ind1=" " ind2=" ">
    <subfield code="a">O životě činném a kontemplativním v Teologické sumě : II-II, q. 179-182. Praha : Krystal OP, s.r.o., 2020</subfield>
  </datafield>
  <datafield tag="906" ind1=" " ind2=" ">
    <subfield code="a">br20201110</subfield>
    <subfield code="b">blau</subfield>
  </datafield>
  <datafield tag="906" ind1=" " ind2=" ">
    <subfield code="a">ks20201110</subfield>
    <subfield code="b">blau</subfield>
  </datafield>
</record>