

<record>
  <leader>     cz  a22     n  4500</leader>
  <controlfield tag="001">ko20201092070</controlfield>
  <controlfield tag="003">CZ PrNK</controlfield>
  <controlfield tag="005">20201112103231.0</controlfield>
  <controlfield tag="008">201109|n|aznnnaabn           n a|a      </controlfield>
  <datafield tag="040" ind1=" " ind2=" ">
    <subfield code="a">ABA001</subfield>
    <subfield code="b">cze</subfield>
    <subfield code="d">ABA001</subfield>
    <subfield code="e">rda</subfield>
  </datafield>
  <datafield tag="110" ind1="2" ind2=" ">
    <subfield code="a">K.k. privilegierten Prager bürgerlichen Infanterie-Korps.</subfield>
    <subfield code="b">Funeral-Verein</subfield>
    <subfield code="7">ko20201092070</subfield>
  </datafield>
  <datafield tag="MOR" ind1="1" ind2=" ">
    <subfield code="a">Funeral-Verein des K.k. privilegierte bürgerliche Infanterie-Corps</subfield>
    <subfield code="7">ko20201092070</subfield>
  </datafield>
  <datafield tag="MOR" ind1="1" ind2=" ">
    <subfield code="a">Funeral-Verein des K.k. privilegierten bürgerlichen Infanterie-Corps</subfield>
    <subfield code="7">ko20201092070</subfield>
  </datafield>
  <datafield tag="368" ind1=" " ind2=" ">
    <subfield code="a">spolky</subfield>
  </datafield>
  <datafield tag="370" ind1=" " ind2=" ">
    <subfield code="c">Česko</subfield>
    <subfield code="e">Praha, Česko</subfield>
    <subfield code="f">Rakousko-Uhersko</subfield>
  </datafield>
  <datafield tag="372" ind1=" " ind2=" ">
    <subfield code="a">pohřebnictví</subfield>
    <subfield code="a">pěchota</subfield>
    <subfield code="a">občanské branné sbory</subfield>
  </datafield>
  <datafield tag="377" ind1=" " ind2=" ">
    <subfield code="a">cze</subfield>
    <subfield code="a">ger</subfield>
  </datafield>
  <datafield tag="410" ind1="2" ind2=" ">
    <subfield code="a">Funeral-Verein des K.k. privilegierten bürgerlichen Infanterie-Corps</subfield>
    <subfield code="0">o</subfield>
  </datafield>
  <datafield tag="410" ind1="2" ind2=" ">
    <subfield code="a">Funeral-Verein des K.k. privilegierten bürgerlichen Infanterie-Korps</subfield>
    <subfield code="0">o</subfield>
  </datafield>
  <datafield tag="410" ind1="2" ind2=" ">
    <subfield code="a">Pohřební spolek C.k. sboru měšťanské pěchoty v Praze</subfield>
    <subfield code="2">czecze</subfield>
    <subfield code="0">o</subfield>
  </datafield>
  <datafield tag="410" ind1="2" ind2=" ">
    <subfield code="a">C.k. sbor pěchoty měšťanské v Praze.</subfield>
    <subfield code="b">Pohřební spolek</subfield>
    <subfield code="2">czecze</subfield>
    <subfield code="0">o</subfield>
  </datafield>
  <datafield tag="410" ind1="2" ind2=" ">
    <subfield code="a">C.k. sbor měšťanské pěchoty v Praze.</subfield>
    <subfield code="b">Pohřební spolek</subfield>
    <subfield code="2">czecze</subfield>
    <subfield code="0">o</subfield>
  </datafield>
  <datafield tag="667" ind1=" " ind2=" ">
    <subfield code="a">Další údaje nenalezeny.</subfield>
  </datafield>
  <datafield tag="670" ind1=" " ind2=" ">
    <subfield code="a">Verzeichniß sämmtlicher mit Ende Dezember 1857 im Funeral-Vereine des K.k. priv. bürgerl. Infanterie-Corps sich befindlichen Herren Corps-Mitglieder</subfield>
  </datafield>
  <datafield tag="670" ind1=" " ind2=" ">
    <subfield code="a">www(Primaplana.cz - Historie c. k. armády v napoleonské epoše), cit. 11. 11. 2020</subfield>
  </datafield>
  <datafield tag="906" ind1=" " ind2=" ">
    <subfield code="a">za20201109</subfield>
    <subfield code="b">vemo</subfield>
  </datafield>
  <datafield tag="906" ind1=" " ind2=" ">
    <subfield code="a">oz20201111</subfield>
    <subfield code="b">adpi</subfield>
    <subfield code="c">Záhlaví - oprava jména, záhlaví - oprava indikátoru, viz - nově, další info - nově, související místo - nově, oblast působení - nově, jazyk - nově, formální oprava</subfield>
  </datafield>
  <datafield tag="906" ind1=" " ind2=" ">
    <subfield code="a">oz20201112</subfield>
    <subfield code="b">svsv</subfield>
    <subfield code="c">Záhlaví - oprava; Viz - další výskyt; Viz - oprava; Oblast působení - oprava; Biografická poznámka - zrušeno</subfield>
  </datafield>
</record>