

<record>
  <leader>     cz  a22     n  4500</leader>
  <controlfield tag="001">xx0253713</controlfield>
  <controlfield tag="003">CZ PrNK</controlfield>
  <controlfield tag="005">20201110113218.0</controlfield>
  <controlfield tag="008">201109|n|aznnnaabn           n a|a      </controlfield>
  <datafield tag="024" ind1="7" ind2=" ">
    <subfield code="a">Q26159962</subfield>
    <subfield code="2">wikidata</subfield>
  </datafield>
  <datafield tag="024" ind1="7" ind2=" ">
    <subfield code="a">0000000042671989</subfield>
    <subfield code="2">isni</subfield>
  </datafield>
  <datafield tag="040" ind1=" " ind2=" ">
    <subfield code="a">OLD012</subfield>
    <subfield code="b">cze</subfield>
    <subfield code="d">ABA001</subfield>
    <subfield code="e">rda</subfield>
  </datafield>
  <datafield tag="046" ind1=" " ind2=" ">
    <subfield code="f">1944</subfield>
    <subfield code="g">2016</subfield>
  </datafield>
  <datafield tag="100" ind1="1" ind2=" ">
    <subfield code="a">Meneses, Vidaluz,</subfield>
    <subfield code="d">1944-2016</subfield>
    <subfield code="7">xx0253713</subfield>
  </datafield>
  <datafield tag="370" ind1=" " ind2=" ">
    <subfield code="c">Nikaragua</subfield>
  </datafield>
  <datafield tag="372" ind1=" " ind2=" ">
    <subfield code="a">knihovnictví</subfield>
    <subfield code="a">umělecká literatura</subfield>
    <subfield code="a">nikaragujská literatura</subfield>
    <subfield code="a">nikaragujská poezie</subfield>
  </datafield>
  <datafield tag="374" ind1=" " ind2=" ">
    <subfield code="a">knihovnice</subfield>
    <subfield code="a">básnířky</subfield>
    <subfield code="a">vysokoškolské učitelky</subfield>
    <subfield code="a">děkanky</subfield>
  </datafield>
  <datafield tag="375" ind1=" " ind2=" ">
    <subfield code="a">žena</subfield>
  </datafield>
  <datafield tag="377" ind1=" " ind2=" ">
    <subfield code="a">spa</subfield>
  </datafield>
  <datafield tag="400" ind1="1" ind2=" ">
    <subfield code="a">Meneses Robleto, Vidaluz,</subfield>
    <subfield code="d">1944-2016</subfield>
    <subfield code="0">o</subfield>
  </datafield>
  <datafield tag="670" ind1=" " ind2=" ">
    <subfield code="a">Meneses, Vidaluz: Llama en el aire, 1991</subfield>
  </datafield>
  <datafield tag="670" ind1=" " ind2=" ">
    <subfield code="a">BNE, cit. 6. 11. 2020</subfield>
    <subfield code="b">autoritní forma</subfield>
  </datafield>
  <datafield tag="670" ind1=" " ind2=" ">
    <subfield code="a">www(Wikipedia, la enciclopedia libre), cit. 6. 11. 2020</subfield>
    <subfield code="b">data, odkaz viz, biografické údaje</subfield>
    <subfield code="u">https://es.wikipedia.org/wiki/Vidaluz_Meneses</subfield>
  </datafield>
  <datafield tag="675" ind1=" " ind2=" ">
    <subfield code="a">www(Biblioteca Nacional Rubén Darío), cit. 10. 11. 2020</subfield>
  </datafield>
  <datafield tag="678" ind1="0" ind2=" ">
    <subfield code="a">Nikaragujská knihovnice, básnířka, vysokoškolská pedagožka a sociální aktivistka.</subfield>
  </datafield>
  <datafield tag="906" ind1=" " ind2=" ">
    <subfield code="a">za20201109</subfield>
    <subfield code="b">xletr</subfield>
  </datafield>
  <datafield tag="906" ind1=" " ind2=" ">
    <subfield code="a">op20201110</subfield>
    <subfield code="b">beba</subfield>
    <subfield code="c">024, 675 nově; 374a další výskyt; 678 doplnění</subfield>
  </datafield>
</record>