

<record>
  <leader>     cz  a22     n  4500</leader>
  <controlfield tag="001">xx0253722</controlfield>
  <controlfield tag="003">CZ PrNK</controlfield>
  <controlfield tag="005">20201113131552.0</controlfield>
  <controlfield tag="008">201109|n|aznnnaabn           n a|a      </controlfield>
  <datafield tag="024" ind1="7" ind2=" ">
    <subfield code="a">0000000120885588</subfield>
    <subfield code="2">isni</subfield>
  </datafield>
  <datafield tag="040" ind1=" " ind2=" ">
    <subfield code="a">ABE304</subfield>
    <subfield code="b">cze</subfield>
    <subfield code="d">ABA001</subfield>
    <subfield code="e">rda</subfield>
  </datafield>
  <datafield tag="046" ind1=" " ind2=" ">
    <subfield code="f">1917</subfield>
    <subfield code="g">2000</subfield>
  </datafield>
  <datafield tag="100" ind1="1" ind2=" ">
    <subfield code="a">Rjabušinskaja, Tat‘jana Michajlovna,</subfield>
    <subfield code="d">1917-2000</subfield>
    <subfield code="7">xx0253722</subfield>
  </datafield>
  <datafield tag="370" ind1=" " ind2=" ">
    <subfield code="c">Rusko</subfield>
    <subfield code="c">Francie</subfield>
    <subfield code="c">Spojené státy americké</subfield>
  </datafield>
  <datafield tag="372" ind1=" " ind2=" ">
    <subfield code="a">balet</subfield>
    <subfield code="a">pedagogika</subfield>
  </datafield>
  <datafield tag="374" ind1=" " ind2=" ">
    <subfield code="a">tanečnice</subfield>
    <subfield code="a">pedagožky</subfield>
  </datafield>
  <datafield tag="375" ind1=" " ind2=" ">
    <subfield code="a">žena</subfield>
  </datafield>
  <datafield tag="400" ind1="1" ind2=" ">
    <subfield code="a">Riabouchinska, Tatiana,</subfield>
    <subfield code="d">1917-2000</subfield>
    <subfield code="2">czefre</subfield>
    <subfield code="0">o</subfield>
  </datafield>
  <datafield tag="400" ind1="1" ind2=" ">
    <subfield code="a">Ryabushinskaya, Tatyana,</subfield>
    <subfield code="d">1917-2000</subfield>
    <subfield code="2">czeeng</subfield>
    <subfield code="0">o</subfield>
  </datafield>
  <datafield tag="400" ind1="1" ind2=" ">
    <subfield code="a">Rjabušinskaja Tat‘jana,</subfield>
    <subfield code="d">1917-2000</subfield>
    <subfield code="2">czerus</subfield>
    <subfield code="0">o</subfield>
  </datafield>
  <datafield tag="667" ind1=" " ind2=" ">
    <subfield code="a">Některé zdroje uvádí datum narození 1916.</subfield>
  </datafield>
  <datafield tag="670" ind1=" " ind2=" ">
    <subfield code="a">Deakin, Irving. New York: Dodge, 1936</subfield>
  </datafield>
  <datafield tag="670" ind1=" " ind2=" ">
    <subfield code="a">LC (Names), cit. 9. 11. 2020</subfield>
    <subfield code="b">odkaz viz</subfield>
  </datafield>
  <datafield tag="670" ind1=" " ind2=" ">
    <subfield code="a">www(Vikipedija, svobodnaja ènciklopedija), cit. 9. 11. 2020</subfield>
    <subfield code="b">autoritní forma, biografická data a údaje, odkaz viz</subfield>
    <subfield code="u">https://ru.wikipedia.org/wiki/Рябушинская,_Татьяна_Михайловна</subfield>
  </datafield>
  <datafield tag="675" ind1=" " ind2=" ">
    <subfield code="a">NLR, cit. 9. 11. 2020;</subfield>
    <subfield code="a">RSL, cit. 9. 11. 2020</subfield>
  </datafield>
  <datafield tag="678" ind1="0" ind2=" ">
    <subfield code="a">Rusko-americká tanečnice a pedagožka dlouhodobě žijící ve Francii.</subfield>
  </datafield>
  <datafield tag="906" ind1=" " ind2=" ">
    <subfield code="a">za20201109</subfield>
    <subfield code="b">xalso</subfield>
  </datafield>
  <datafield tag="906" ind1=" " ind2=" ">
    <subfield code="a">op20201113</subfield>
    <subfield code="b">beba</subfield>
    <subfield code="c">Viz, 670au formální oprava</subfield>
  </datafield>
</record>