

<record>
  <leader>     cz  a22     n  4500</leader>
  <controlfield tag="001">xx0253736</controlfield>
  <controlfield tag="003">CZ PrNK</controlfield>
  <controlfield tag="005">20201113132714.0</controlfield>
  <controlfield tag="008">201109|n|aznnnaabn           n a|a      </controlfield>
  <datafield tag="040" ind1=" " ind2=" ">
    <subfield code="a">ABE304</subfield>
    <subfield code="b">cze</subfield>
    <subfield code="d">ABA001</subfield>
    <subfield code="e">rda</subfield>
  </datafield>
  <datafield tag="046" ind1=" " ind2=" ">
    <subfield code="f">1856</subfield>
    <subfield code="g">1932</subfield>
  </datafield>
  <datafield tag="100" ind1="1" ind2=" ">
    <subfield code="a">Rottová, Ludvika,</subfield>
    <subfield code="d">1856-1932</subfield>
    <subfield code="7">xx0253736</subfield>
  </datafield>
  <datafield tag="370" ind1=" " ind2=" ">
    <subfield code="a">Rokycany, Česko</subfield>
    <subfield code="b">Brno, Česko</subfield>
    <subfield code="c">Česko</subfield>
  </datafield>
  <datafield tag="372" ind1=" " ind2=" ">
    <subfield code="a">divadlo</subfield>
    <subfield code="a">herectví</subfield>
  </datafield>
  <datafield tag="374" ind1=" " ind2=" ">
    <subfield code="a">herečky</subfield>
  </datafield>
  <datafield tag="375" ind1=" " ind2=" ">
    <subfield code="a">žena</subfield>
  </datafield>
  <datafield tag="377" ind1=" " ind2=" ">
    <subfield code="a">cze</subfield>
    <subfield code="a">ger</subfield>
  </datafield>
  <datafield tag="400" ind1="1" ind2=" ">
    <subfield code="a">Rottová, Marie Ludovíka,</subfield>
    <subfield code="d">1856-1932</subfield>
    <subfield code="0">o</subfield>
  </datafield>
  <datafield tag="400" ind1="1" ind2=" ">
    <subfield code="w">r</subfield>
    <subfield code="i">Jméno získané sňatkem:</subfield>
    <subfield code="a">Popelková, Ludovika,</subfield>
    <subfield code="d">1856-1932</subfield>
    <subfield code="0">o</subfield>
  </datafield>
  <datafield tag="670" ind1=" " ind2=" ">
    <subfield code="a">Novák, Ladislav: Stará garda Národního divadla, 1937</subfield>
  </datafield>
  <datafield tag="670" ind1=" " ind2=" ">
    <subfield code="a">Národní divadlo a jeho předchůdci, 1988</subfield>
    <subfield code="b">autoritní forma, data, biografické údaje</subfield>
  </datafield>
  <datafield tag="670" ind1=" " ind2=" ">
    <subfield code="a">www(Wikipedie, otevřená encyklopedie), cit. 9. 11. 2020</subfield>
    <subfield code="b">odkazy viz, biografické údaje</subfield>
    <subfield code="u">https://cs.wikipedia.org/wiki/Ludvika_Rottová</subfield>
  </datafield>
  <datafield tag="678" ind1="0" ind2=" ">
    <subfield code="a">Narozena 24. 2. 1856 v Rokycanech, zemřela 30. 8. 1932 v Brně. Divadelní herečka.</subfield>
  </datafield>
  <datafield tag="906" ind1=" " ind2=" ">
    <subfield code="a">za20201109</subfield>
    <subfield code="b">xalso</subfield>
  </datafield>
  <datafield tag="906" ind1=" " ind2=" ">
    <subfield code="a">op20201113</subfield>
    <subfield code="b">beba</subfield>
    <subfield code="c">670b formální oprava; 678 formální oprava, doplnění</subfield>
  </datafield>
</record>