

<record>
  <leader>     nz  a22     n  4500</leader>
  <controlfield tag="001">xx0253737</controlfield>
  <controlfield tag="003">CZ PrNK</controlfield>
  <controlfield tag="005">20201110203413.0</controlfield>
  <controlfield tag="008">201110|n|aznnnaabn           n a|a      </controlfield>
  <datafield tag="040" ind1=" " ind2=" ">
    <subfield code="a">KLG001</subfield>
    <subfield code="b">cze</subfield>
    <subfield code="d">ABA001</subfield>
    <subfield code="e">rda</subfield>
  </datafield>
  <datafield tag="100" ind1="1" ind2=" ">
    <subfield code="a">Burianová, Petra</subfield>
    <subfield code="7">xx0253737</subfield>
  </datafield>
  <datafield tag="370" ind1=" " ind2=" ">
    <subfield code="c">Česko</subfield>
  </datafield>
  <datafield tag="372" ind1=" " ind2=" ">
    <subfield code="a">pekařství</subfield>
    <subfield code="a">kuchařství</subfield>
    <subfield code="a">kuchařské knihy</subfield>
    <subfield code="a">kuchařské recepty</subfield>
    <subfield code="a">lidové tradice</subfield>
    <subfield code="a">lidové umění</subfield>
  </datafield>
  <datafield tag="374" ind1=" " ind2=" ">
    <subfield code="a">právničky</subfield>
  </datafield>
  <datafield tag="375" ind1=" " ind2=" ">
    <subfield code="a">žena</subfield>
  </datafield>
  <datafield tag="377" ind1=" " ind2=" ">
    <subfield code="a">cze</subfield>
  </datafield>
  <datafield tag="670" ind1=" " ind2=" ">
    <subfield code="a">Burianová, Petra: Cesta z těsta, 2020</subfield>
    <subfield code="b">autoritní forma, biografické údaje</subfield>
  </datafield>
  <datafield tag="678" ind1="0" ind2=" ">
    <subfield code="a">Právnička, amatérská pekařka, propagátorka tradic a řemesel, které vyučuje. Vítězka soutěže "Peče celá země 2020".</subfield>
  </datafield>
  <datafield tag="906" ind1=" " ind2=" ">
    <subfield code="a">za20201110</subfield>
    <subfield code="b">xmino</subfield>
  </datafield>
  <datafield tag="906" ind1=" " ind2=" ">
    <subfield code="a">fr20201110</subfield>
    <subfield code="b">adpi</subfield>
  </datafield>
</record>