

<record>
  <leader>     cz  a22     n  4500</leader>
  <controlfield tag="001">xx0253741</controlfield>
  <controlfield tag="003">CZ PrNK</controlfield>
  <controlfield tag="005">20201110165314.0</controlfield>
  <controlfield tag="008">201110|n|aznnnaabn           n a|a      </controlfield>
  <datafield tag="040" ind1=" " ind2=" ">
    <subfield code="a">ABG001</subfield>
    <subfield code="b">cze</subfield>
    <subfield code="d">ABA001</subfield>
    <subfield code="e">rda</subfield>
  </datafield>
  <datafield tag="046" ind1=" " ind2=" ">
    <subfield code="f">1974</subfield>
  </datafield>
  <datafield tag="100" ind1="1" ind2=" ">
    <subfield code="a">Sommer, Eleanor,</subfield>
    <subfield code="d">1974-</subfield>
    <subfield code="7">xx0253741</subfield>
  </datafield>
  <datafield tag="370" ind1=" " ind2=" ">
    <subfield code="a">Hamburk, Německo</subfield>
    <subfield code="c">Německo</subfield>
    <subfield code="f">Hamburk, Německo</subfield>
  </datafield>
  <datafield tag="372" ind1=" " ind2=" ">
    <subfield code="a">knižní ilustrace</subfield>
    <subfield code="a">ilustrace</subfield>
    <subfield code="a">literatura pro děti a mládež</subfield>
    <subfield code="a">grafický design</subfield>
  </datafield>
  <datafield tag="374" ind1=" " ind2=" ">
    <subfield code="a">ilustrátorky</subfield>
    <subfield code="a">grafičky</subfield>
  </datafield>
  <datafield tag="375" ind1=" " ind2=" ">
    <subfield code="a">žena</subfield>
  </datafield>
  <datafield tag="377" ind1=" " ind2=" ">
    <subfield code="a">ger</subfield>
  </datafield>
  <datafield tag="400" ind1="1" ind2=" ">
    <subfield code="a">Marston, Eleanor,</subfield>
    <subfield code="d">1974-</subfield>
    <subfield code="0">o</subfield>
  </datafield>
  <datafield tag="670" ind1=" " ind2=" ">
    <subfield code="a">Krüger, Thomas - Eleanor Sommerová: Hotel Zimní spánek, 2020</subfield>
  </datafield>
  <datafield tag="670" ind1=" " ind2=" ">
    <subfield code="a">DNB, cit. 10. 11. 2020</subfield>
    <subfield code="b">autoritní forma, datum narození, odkaz viz, biografické údaje</subfield>
  </datafield>
  <datafield tag="670" ind1=" " ind2=" ">
    <subfield code="a">www(Eleanor Sommer - Mixtvision -- Weiter. Erzählen.), cit. 10. 11. 2020</subfield>
    <subfield code="b">biografické údaje</subfield>
  </datafield>
  <datafield tag="670" ind1=" " ind2=" ">
    <subfield code="a">www(Eleanor Sommer - Kunstanstifter EN), cit. 10. 11. 2020</subfield>
    <subfield code="b">biografické údaje</subfield>
  </datafield>
  <datafield tag="678" ind1="0" ind2=" ">
    <subfield code="a">Německá ilustrátorka. Zaměřena na ilustrování knih a her pro děti, členka ilustrátorského kolektivu Die Krickelkrakels.</subfield>
  </datafield>
  <datafield tag="906" ind1=" " ind2=" ">
    <subfield code="a">za20201110</subfield>
    <subfield code="b">xlair</subfield>
  </datafield>
  <datafield tag="906" ind1=" " ind2=" ">
    <subfield code="a">ko20201110</subfield>
    <subfield code="b">xjiva</subfield>
  </datafield>
  <datafield tag="906" ind1=" " ind2=" ">
    <subfield code="a">op20201110</subfield>
    <subfield code="b">kurd</subfield>
    <subfield code="c">372a - další výskyt; 377 - nově; 670 - zrušeno, další výskyty; 678 - doplnění, formální úprava</subfield>
  </datafield>
</record>