

<record>
  <leader>     cz  a22     n  4500</leader>
  <controlfield tag="001">xx0253743</controlfield>
  <controlfield tag="003">CZ PrNK</controlfield>
  <controlfield tag="005">20201113120954.0</controlfield>
  <controlfield tag="008">201110|n|aznnnaabn           n a|a      </controlfield>
  <datafield tag="024" ind1="7" ind2=" ">
    <subfield code="a">Q93377</subfield>
    <subfield code="2">wikidata</subfield>
  </datafield>
  <datafield tag="040" ind1=" " ind2=" ">
    <subfield code="a">KLG001</subfield>
    <subfield code="b">cze</subfield>
    <subfield code="d">ABA001</subfield>
    <subfield code="e">rda</subfield>
  </datafield>
  <datafield tag="046" ind1=" " ind2=" ">
    <subfield code="f">1842</subfield>
    <subfield code="g">1919</subfield>
  </datafield>
  <datafield tag="100" ind1="0" ind2=" ">
    <subfield code="a">Ludvík Viktor,</subfield>
    <subfield code="c">rakouský arcivévoda,</subfield>
    <subfield code="d">1842-1919</subfield>
    <subfield code="7">xx0253743</subfield>
  </datafield>
  <datafield tag="MOR" ind1="0" ind2=" ">
    <subfield code="a">Ludwig Viktor,</subfield>
    <subfield code="c">rakouský arcivévoda,</subfield>
    <subfield code="d">1842-1919</subfield>
    <subfield code="7">xx0253743</subfield>
  </datafield>
  <datafield tag="368" ind1=" " ind2=" ">
    <subfield code="d">Erzherzog</subfield>
  </datafield>
  <datafield tag="370" ind1=" " ind2=" ">
    <subfield code="c">Rakousko</subfield>
  </datafield>
  <datafield tag="375" ind1=" " ind2=" ">
    <subfield code="a">muž</subfield>
  </datafield>
  <datafield tag="377" ind1=" " ind2=" ">
    <subfield code="a">ger</subfield>
  </datafield>
  <datafield tag="400" ind1="0" ind2=" ">
    <subfield code="a">Ludwig Victor,</subfield>
    <subfield code="c">Österreich, Erzherzog,</subfield>
    <subfield code="d">1842-1919</subfield>
    <subfield code="0">o</subfield>
  </datafield>
  <datafield tag="400" ind1="0" ind2=" ">
    <subfield code="a">Ludwig Viktor,</subfield>
    <subfield code="c">Österreich, Erzherzog,</subfield>
    <subfield code="d">1842-1919</subfield>
    <subfield code="0">o</subfield>
  </datafield>
  <datafield tag="400" ind1="0" ind2=" ">
    <subfield code="a">Luziwuzi,</subfield>
    <subfield code="d">1842-1919</subfield>
    <subfield code="0">o</subfield>
  </datafield>
  <datafield tag="400" ind1="0" ind2=" ">
    <subfield code="a">Ludvík Viktor,</subfield>
    <subfield code="c">Habsbursko-Lotrinský, rakouský arcivévoda,</subfield>
    <subfield code="d">1842-1919</subfield>
    <subfield code="0">o</subfield>
  </datafield>
  <datafield tag="400" ind1="0" ind2=" ">
    <subfield code="a">Ludvík Viktor,</subfield>
    <subfield code="c">arcivévoda, bratr rakouského císaře Františka Josefa I.,</subfield>
    <subfield code="d">1842-1919</subfield>
    <subfield code="0">o</subfield>
  </datafield>
  <datafield tag="400" ind1="0" ind2=" ">
    <subfield code="a">Luzivuzi,</subfield>
    <subfield code="d">1842-1919</subfield>
    <subfield code="0">o</subfield>
  </datafield>
  <datafield tag="400" ind1="0" ind2=" ">
    <subfield code="a">Bubi,</subfield>
    <subfield code="d">1842-1919</subfield>
    <subfield code="0">o</subfield>
  </datafield>
  <datafield tag="400" ind1="1" ind2=" ">
    <subfield code="a">Österreich, Ludwig Viktor Joseph Anton von,</subfield>
    <subfield code="d">1842-1919</subfield>
    <subfield code="0">o</subfield>
  </datafield>
  <datafield tag="400" ind1="1" ind2=" ">
    <subfield code="a">Habsburg-Lothringen, Ludwig Viktor,</subfield>
    <subfield code="d">1842-1919</subfield>
    <subfield code="0">o</subfield>
  </datafield>
  <datafield tag="670" ind1=" " ind2=" ">
    <subfield code="a">Unterreiner, Katrin: Skandální život habsburského arcivévody Ludvíka Viktora, 2020</subfield>
    <subfield code="b">biografické údaje</subfield>
  </datafield>
  <datafield tag="670" ind1=" " ind2=" ">
    <subfield code="a">DNB, cit. 9. 11. 2020</subfield>
    <subfield code="b">odkazy viz, datum narození a úmrtí, biografické údaje</subfield>
  </datafield>
  <datafield tag="670" ind1=" " ind2=" ">
    <subfield code="a">www(Wikipedia, die freie Enzyklopädie), cit. 9. 11. 2020</subfield>
    <subfield code="b">odkaz viz</subfield>
    <subfield code="u">https://de.wikipedia.org/wiki/Ludwig_Viktor_von_%C3%96sterreich</subfield>
  </datafield>
  <datafield tag="670" ind1=" " ind2=" ">
    <subfield code="a">www(Wikipedie, otevřená encyklopedie), cit. 13. 11. 2020</subfield>
    <subfield code="b">autoritní forma, odkaz viz, národnost, biografické údaje</subfield>
    <subfield code="u">https://cs.wikipedia.org/wiki/Ludv%C3%ADk_Viktor_Habsbursko-Lotrinsk%C3%BD</subfield>
  </datafield>
  <datafield tag="678" ind1="0" ind2=" ">
    <subfield code="a">Rakouský arcivévoda z rodu Habsburků.</subfield>
  </datafield>
  <datafield tag="906" ind1=" " ind2=" ">
    <subfield code="a">za20201110</subfield>
    <subfield code="b">xmino</subfield>
  </datafield>
  <datafield tag="906" ind1=" " ind2=" ">
    <subfield code="a">oz20201113</subfield>
    <subfield code="b">adpi</subfield>
    <subfield code="c">Záhlaví - oprava jména, titul - oprava překlepu</subfield>
  </datafield>
  <datafield tag="906" ind1=" " ind2=" ">
    <subfield code="a">op20201113</subfield>
    <subfield code="b">lisi</subfield>
    <subfield code="c">Viz - další výskyt, formální oprava, zdroj - další výskyt</subfield>
  </datafield>
</record>