

<record>
  <leader>     nz  a22     n  4500</leader>
  <controlfield tag="001">kon20201092126</controlfield>
  <controlfield tag="003">CZ PrNK</controlfield>
  <controlfield tag="005">20201110080637.0</controlfield>
  <controlfield tag="008">201110|n|aznnnaabn           n a|a      </controlfield>
  <datafield tag="040" ind1=" " ind2=" ">
    <subfield code="a">ABA001</subfield>
    <subfield code="b">cze</subfield>
    <subfield code="e">rda</subfield>
  </datafield>
  <datafield tag="110" ind1="2" ind2=" ">
    <subfield code="a">Okresní péče o mládež v Berouně (organizace).</subfield>
    <subfield code="t">Výroční zpráva (Okresní péče o mládež v Berouně (organizace))</subfield>
    <subfield code="7">kon20201092126</subfield>
  </datafield>
  <datafield tag="410" ind1="2" ind2=" ">
    <subfield code="a">Okresní péče o mládež v Berouně (organizace).</subfield>
    <subfield code="t">Výroční zpráva Okresní péče o mládež v Berouně</subfield>
    <subfield code="0">o</subfield>
  </datafield>
  <datafield tag="670" ind1=" " ind2=" ">
    <subfield code="a">Výroční zpráva o činnosti Okresní péče o mládež v Berouně a Ochrany matek a dětí v Počaplích. Beroun : [nakladatel není známý], [1912?-1949?]</subfield>
  </datafield>
  <datafield tag="906" ind1=" " ind2=" ">
    <subfield code="a">br20201110</subfield>
    <subfield code="b">juri</subfield>
  </datafield>
  <datafield tag="906" ind1=" " ind2=" ">
    <subfield code="a">ks20201110</subfield>
    <subfield code="b">juri</subfield>
  </datafield>
</record>