

<record>
  <leader>     nz  a22     n  4500</leader>
  <controlfield tag="001">kon20201092138</controlfield>
  <controlfield tag="003">CZ PrNK</controlfield>
  <controlfield tag="005">20201110090707.0</controlfield>
  <controlfield tag="008">201110|n|aznnnaabn           n a|a      </controlfield>
  <datafield tag="040" ind1=" " ind2=" ">
    <subfield code="a">ABA001</subfield>
    <subfield code="b">cze</subfield>
    <subfield code="e">rda</subfield>
  </datafield>
  <datafield tag="110" ind1="1" ind2=" ">
    <subfield code="a">Benešov (Česko : okres : 1868-1949).</subfield>
    <subfield code="b">Okresní zastupitelstvo.</subfield>
    <subfield code="b">Okresní výbor.</subfield>
    <subfield code="t">Výroční zpráva (Benešov (Benešov (Česko : okres : 1868-1949). Okresní zastupitelstvo. Okresní výbor)</subfield>
    <subfield code="7">kon20201092138</subfield>
  </datafield>
  <datafield tag="410" ind1="1" ind2=" ">
    <subfield code="a">Benešov (Česko : okres : 1868-1949).</subfield>
    <subfield code="b">Okresní zastupitelstvo.</subfield>
    <subfield code="b">Okresní výbor.</subfield>
    <subfield code="t">Zpráva Okresního výboru o veškeré činnosti Okresního zastupitelstva v Benešově u Prahy</subfield>
    <subfield code="0">o</subfield>
  </datafield>
  <datafield tag="670" ind1=" " ind2=" ">
    <subfield code="a">Zpráva Okresního výboru o veškeré činnosti Okresního zastupitelstva v Benešově u Prahy. [Benešov u Prahy] : nákladem vlastním, [1893-1897?]</subfield>
  </datafield>
  <datafield tag="906" ind1=" " ind2=" ">
    <subfield code="a">br20201110</subfield>
    <subfield code="b">juri</subfield>
  </datafield>
  <datafield tag="906" ind1=" " ind2=" ">
    <subfield code="a">ks20201110</subfield>
    <subfield code="b">juri</subfield>
  </datafield>
</record>