

<record>
  <leader>     nz  a22     n  4500</leader>
  <controlfield tag="001">kon20201092139</controlfield>
  <controlfield tag="003">CZ PrNK</controlfield>
  <controlfield tag="005">20201110091939.0</controlfield>
  <controlfield tag="008">201110|n|aznnnaabn           n a|a      </controlfield>
  <datafield tag="040" ind1=" " ind2=" ">
    <subfield code="a">ABA001</subfield>
    <subfield code="b">cze</subfield>
    <subfield code="e">rda</subfield>
  </datafield>
  <datafield tag="110" ind1="2" ind2=" ">
    <subfield code="a">Zemská komise pro ochranu dítek a péče o mládež v Království českém.</subfield>
    <subfield code="t">Zpráva (Zemská komise pro ochranu dítek a péče o mládež v Království českém)</subfield>
    <subfield code="7">kon20201092139</subfield>
  </datafield>
  <datafield tag="410" ind1="2" ind2=" ">
    <subfield code="a">Zemská komise pro ochranu dítek a péče o mládež v Království českém.</subfield>
    <subfield code="t">Zpráva o činnosti České zemské komise pro ochranu dětí a péči o mládež v Království českém</subfield>
    <subfield code="0">o</subfield>
  </datafield>
  <datafield tag="670" ind1=" " ind2=" ">
    <subfield code="a">Zpráva o činnosti České zemské komise pro ochranu dětí a péči o mládež v Království českém. [V Praze] : nákladem České zemské komise, [mezi 1912 a 1913?]</subfield>
  </datafield>
  <datafield tag="906" ind1=" " ind2=" ">
    <subfield code="a">br20201110</subfield>
    <subfield code="b">juri</subfield>
  </datafield>
  <datafield tag="906" ind1=" " ind2=" ">
    <subfield code="a">ks20201110</subfield>
    <subfield code="b">juri</subfield>
  </datafield>
</record>