

<record>
  <leader>     cz  a22     n  4500</leader>
  <controlfield tag="001">xx0253751</controlfield>
  <controlfield tag="003">CZ PrNK</controlfield>
  <controlfield tag="005">20201110094210.0</controlfield>
  <controlfield tag="008">201110|n|aznnnaabn           n a|a      </controlfield>
  <datafield tag="040" ind1=" " ind2=" ">
    <subfield code="a">ABA008</subfield>
    <subfield code="b">cze</subfield>
    <subfield code="d">ABA001</subfield>
    <subfield code="e">rda</subfield>
  </datafield>
  <datafield tag="111" ind1="2" ind2=" ">
    <subfield code="a">Quality and Its Perspectives, with the Subtitle: Multidisciplinary Approach to Patient Care (konference)</subfield>
    <subfield code="d">(2018 :</subfield>
    <subfield code="c">Pardubice, Česko)</subfield>
    <subfield code="7">xx0253751</subfield>
  </datafield>
  <datafield tag="MOR" ind1="1" ind2=" ">
    <subfield code="a">Quality and Its Perspectives, with the subtitle: Multidisciplinary Approach to Patient Care (konference)</subfield>
    <subfield code="d">(2018 :</subfield>
    <subfield code="c">Pardubice, Česko)</subfield>
    <subfield code="7">xx0253751</subfield>
  </datafield>
  <datafield tag="368" ind1=" " ind2=" ">
    <subfield code="a">konference</subfield>
  </datafield>
  <datafield tag="370" ind1=" " ind2=" ">
    <subfield code="c">Česko</subfield>
    <subfield code="e">Pardubice, Česko</subfield>
  </datafield>
  <datafield tag="377" ind1=" " ind2=" ">
    <subfield code="a">eng</subfield>
  </datafield>
  <datafield tag="411" ind1="2" ind2=" ">
    <subfield code="a">International Conference Quality and Its Perspectives</subfield>
    <subfield code="n">(5. :</subfield>
    <subfield code="d">2018 :</subfield>
    <subfield code="c">Pardubice, Česko)</subfield>
    <subfield code="0">o</subfield>
  </datafield>
  <datafield tag="670" ind1=" " ind2=" ">
    <subfield code="a">Proceedings of the 5th International Conference Quality and Its Perspectives, with the subtitle: Multidisciplinary Approach to Patient Care, Pardubice, 2018</subfield>
  </datafield>
  <datafield tag="906" ind1=" " ind2=" ">
    <subfield code="a">za20201110</subfield>
    <subfield code="b">xdapi</subfield>
  </datafield>
  <datafield tag="906" ind1=" " ind2=" ">
    <subfield code="a">oz20201110</subfield>
    <subfield code="b">svsv</subfield>
    <subfield code="c">Záhlaví - oprava</subfield>
  </datafield>
</record>