

<record>
  <leader>     nz  a22     n  4500</leader>
  <controlfield tag="001">kon20201092142</controlfield>
  <controlfield tag="003">CZ PrNK</controlfield>
  <controlfield tag="005">20201110100639.0</controlfield>
  <controlfield tag="008">201110|n|aznnnaabn           n a|a      </controlfield>
  <datafield tag="040" ind1=" " ind2=" ">
    <subfield code="a">ABA001</subfield>
    <subfield code="b">cze</subfield>
    <subfield code="e">rda</subfield>
  </datafield>
  <datafield tag="110" ind1="2" ind2=" ">
    <subfield code="a">Spolek vysloužilých vojínů, záložníků a zeměbranců v Karlíně a okolí.</subfield>
    <subfield code="t">Výroční zpráva (Spolek vysloužilých vojínů, záložníků a zeměbranců v Karlíně a okolí)</subfield>
    <subfield code="7">kon20201092142</subfield>
  </datafield>
  <datafield tag="410" ind1="2" ind2=" ">
    <subfield code="a">Spolek vysloužilých vojínů, záložníků a zeměbranců v Karlíně a okolí.</subfield>
    <subfield code="t">Výroční zpráva Spolku vysloužilých vojínů, záložníků a zeměbranců v Karlíně a okolí</subfield>
    <subfield code="0">o</subfield>
  </datafield>
  <datafield tag="670" ind1=" " ind2=" ">
    <subfield code="a">Výroční zpráva Spolku vysloužilých vojínů, záložníků a zeměbranců v Karlíně a okolí. [Praha] : nákladem spolku, [1893?]-[1900?]</subfield>
  </datafield>
  <datafield tag="906" ind1=" " ind2=" ">
    <subfield code="a">br20201110</subfield>
    <subfield code="b">juri</subfield>
  </datafield>
  <datafield tag="906" ind1=" " ind2=" ">
    <subfield code="a">ks20201110</subfield>
    <subfield code="b">juri</subfield>
  </datafield>
</record>