

<record>
  <leader>     nz  a22     n  4500</leader>
  <controlfield tag="001">xx0253752</controlfield>
  <controlfield tag="003">CZ PrNK</controlfield>
  <controlfield tag="005">20201111051744.0</controlfield>
  <controlfield tag="008">201110|n|aznnnaabn           n a|a      </controlfield>
  <datafield tag="040" ind1=" " ind2=" ">
    <subfield code="a">ABA008</subfield>
    <subfield code="b">cze</subfield>
    <subfield code="d">ABA001</subfield>
    <subfield code="e">rda</subfield>
  </datafield>
  <datafield tag="100" ind1="1" ind2=" ">
    <subfield code="a">Bohošová, Júlia</subfield>
    <subfield code="7">xx0253752</subfield>
  </datafield>
  <datafield tag="368" ind1=" " ind2=" ">
    <subfield code="d">Mgr.</subfield>
    <subfield code="s">2017</subfield>
  </datafield>
  <datafield tag="370" ind1=" " ind2=" ">
    <subfield code="c">Česko</subfield>
  </datafield>
  <datafield tag="372" ind1=" " ind2=" ">
    <subfield code="a">molekulární biologie</subfield>
    <subfield code="a">genetika</subfield>
  </datafield>
  <datafield tag="374" ind1=" " ind2=" ">
    <subfield code="a">genetičky</subfield>
  </datafield>
  <datafield tag="375" ind1=" " ind2=" ">
    <subfield code="a">žena</subfield>
  </datafield>
  <datafield tag="377" ind1=" " ind2=" ">
    <subfield code="a">cze</subfield>
  </datafield>
  <datafield tag="400" ind1="1" ind2=" ">
    <subfield code="a">Kováčová, Júlia</subfield>
    <subfield code="0">o</subfield>
  </datafield>
  <datafield tag="670" ind1=" " ind2=" ">
    <subfield code="a">Bohošová, Júlia ... [et al.]: Dlouhé nekódující RNA a karcinom z renálních buněk. Klinická onkologie, 2020, roč. 33, č. 5, s. 340-349.</subfield>
    <subfield code="b">autoritní forma, pracoviště</subfield>
  </datafield>
  <datafield tag="670" ind1=" " ind2=" ">
    <subfield code="a">Kováčová, Júlia ... [et al.]: MikroRNA jako biomarkery odpovědi na léčbu sunitinibem u pacientů s metastatickým karcinomem ledvin - pilotní studie. Klinická onkologie, 2018, roč. 31, Suppl. 1, s. 161-162.</subfield>
    <subfield code="b">odkaz viz</subfield>
  </datafield>
  <datafield tag="670" ind1=" " ind2=" ">
    <subfield code="a">www(IS Masarykovy univerzity), cit. 10. 11. 2020</subfield>
    <subfield code="b">změna jména, studium</subfield>
  </datafield>
  <datafield tag="670" ind1=" " ind2=" ">
    <subfield code="a">www(Mgr. Júlia Bohošová - CEITEC - výzkumné centrum), cit. 10. 11. 2020</subfield>
    <subfield code="b">profesní data</subfield>
  </datafield>
  <datafield tag="678" ind1="0" ind2=" ">
    <subfield code="a">Mgr., molekulární bioložka, genetička; studentka doktorského studia (CEITEC, Masarykova univerzita, Brno).</subfield>
  </datafield>
  <datafield tag="906" ind1=" " ind2=" ">
    <subfield code="a">za20201110</subfield>
    <subfield code="b">xlufr</subfield>
  </datafield>
  <datafield tag="906" ind1=" " ind2=" ">
    <subfield code="a">fr20201111</subfield>
    <subfield code="b">lisi</subfield>
  </datafield>
</record>