

<record>
  <leader>     nz  a22     n  4500</leader>
  <controlfield tag="001">uk20201092146</controlfield>
  <controlfield tag="003">CZ PrNK</controlfield>
  <controlfield tag="005">20201113155930.0</controlfield>
  <controlfield tag="008">201110|n|aznnnaabn           n a|a      </controlfield>
  <datafield tag="040" ind1=" " ind2=" ">
    <subfield code="a">ABC013</subfield>
    <subfield code="b">cze</subfield>
    <subfield code="d">ABA001</subfield>
    <subfield code="e">rda</subfield>
  </datafield>
  <datafield tag="046" ind1=" " ind2=" ">
    <subfield code="f">1872</subfield>
    <subfield code="g">1941</subfield>
  </datafield>
  <datafield tag="100" ind1="1" ind2=" ">
    <subfield code="a">Menczel, Philipp,</subfield>
    <subfield code="d">1872-1941</subfield>
    <subfield code="7">uk20201092146</subfield>
  </datafield>
  <datafield tag="370" ind1=" " ind2=" ">
    <subfield code="a">Halič, Polsko a Ukrajina</subfield>
    <subfield code="b">Newark, New Jersey</subfield>
    <subfield code="c">Ukrajina</subfield>
    <subfield code="c">Rakousko</subfield>
    <subfield code="c">Spojené státy americké</subfield>
    <subfield code="c">Švýcarsko</subfield>
    <subfield code="f">Bukovina, Rumunsko a Ukrajina</subfield>
  </datafield>
  <datafield tag="372" ind1=" " ind2=" ">
    <subfield code="a">žurnalistika</subfield>
    <subfield code="a">publicistika</subfield>
    <subfield code="a">právo</subfield>
    <subfield code="a">sionismus</subfield>
  </datafield>
  <datafield tag="374" ind1=" " ind2=" ">
    <subfield code="a">novináři</subfield>
    <subfield code="a">publicisté</subfield>
    <subfield code="a">právníci</subfield>
  </datafield>
  <datafield tag="375" ind1=" " ind2=" ">
    <subfield code="a">muž</subfield>
  </datafield>
  <datafield tag="377" ind1=" " ind2=" ">
    <subfield code="a">ger</subfield>
  </datafield>
  <datafield tag="400" ind1="1" ind2=" ">
    <subfield code="a">Menczel, Filip,</subfield>
    <subfield code="d">1872-1941</subfield>
    <subfield code="0">o</subfield>
  </datafield>
  <datafield tag="670" ind1=" " ind2=" ">
    <subfield code="a">Menczel, Philipp: Trügerische Lösungen, 1932</subfield>
    <subfield code="b">autoritní forma</subfield>
  </datafield>
  <datafield tag="670" ind1=" " ind2=" ">
    <subfield code="a">OBG, cit. 10. 11. 2020</subfield>
    <subfield code="b">autoritní forma, odkaz viz, životní data, biografické údaje</subfield>
  </datafield>
  <datafield tag="670" ind1=" " ind2=" ">
    <subfield code="a">www(Digitale Topographie der multikulturellen Bukowina), cit. 10. 11. 2020</subfield>
    <subfield code="b">biografické údaje</subfield>
  </datafield>
  <datafield tag="678" ind1="0" ind2=" ">
    <subfield code="a">Rakouský novinář, publicista a právník. Sionista.</subfield>
  </datafield>
  <datafield tag="906" ind1=" " ind2=" ">
    <subfield code="a">za20201110</subfield>
    <subfield code="b">tsvar</subfield>
  </datafield>
  <datafield tag="906" ind1=" " ind2=" ">
    <subfield code="a">vr20201113</subfield>
    <subfield code="b">maku</subfield>
  </datafield>
</record>