

<record>
  <leader>     nz  a22     n  4500</leader>
  <controlfield tag="001">aun20201092162</controlfield>
  <controlfield tag="003">CZ PrNK</controlfield>
  <controlfield tag="005">20201110104548.0</controlfield>
  <controlfield tag="008">201110|n|aznnnaabn           n a|a      </controlfield>
  <datafield tag="040" ind1=" " ind2=" ">
    <subfield code="a">ABA001</subfield>
    <subfield code="b">cze</subfield>
    <subfield code="e">rda</subfield>
  </datafield>
  <datafield tag="100" ind1="1" ind2=" ">
    <subfield code="a">Ryūtei, Tanehiko,</subfield>
    <subfield code="d">1783-1842.</subfield>
    <subfield code="t">Nise Murasaki inaka Gendži</subfield>
    <subfield code="7">aun20201092162</subfield>
  </datafield>
  <datafield tag="400" ind1="1" ind2=" ">
    <subfield code="a">Ryūtei, Tanehiko,</subfield>
    <subfield code="d">1783-1842.</subfield>
    <subfield code="t">Nise Murasaki inaka Genji</subfield>
    <subfield code="0">o</subfield>
  </datafield>
  <datafield tag="670" ind1=" " ind2=" ">
    <subfield code="a">www(Wikipedia, the free encyclopedia)</subfield>
  </datafield>
  <datafield tag="670" ind1=" " ind2=" ">
    <subfield code="a">Mikeš, Marek: Gendži monogatari a populární literatura období Edo (případová studie díla Nise Murasaki inaka Gendži autora Rjúteie Tanehika)</subfield>
  </datafield>
  <datafield tag="906" ind1=" " ind2=" ">
    <subfield code="a">br20201110</subfield>
    <subfield code="b">jave</subfield>
  </datafield>
</record>