

<record>
  <leader>     cz  a22     n  4500</leader>
  <controlfield tag="001">ko20201092165</controlfield>
  <controlfield tag="003">CZ PrNK</controlfield>
  <controlfield tag="005">20201111071321.0</controlfield>
  <controlfield tag="008">201110|n|aznnnaabn           n a|a      </controlfield>
  <datafield tag="040" ind1=" " ind2=" ">
    <subfield code="a">ABA001</subfield>
    <subfield code="b">cze</subfield>
    <subfield code="d">ABA001</subfield>
    <subfield code="e">rda</subfield>
  </datafield>
  <datafield tag="110" ind1="2" ind2=" ">
    <subfield code="a">Deutsch-österreichischer Bauernbund</subfield>
    <subfield code="7">ko20201092165</subfield>
  </datafield>
  <datafield tag="368" ind1=" " ind2=" ">
    <subfield code="a">profesní svazy</subfield>
    <subfield code="a">spolky</subfield>
  </datafield>
  <datafield tag="370" ind1=" " ind2=" ">
    <subfield code="c">Česko</subfield>
    <subfield code="e">České Budějovice, Česko</subfield>
    <subfield code="f">Rakousko-Uhersko</subfield>
  </datafield>
  <datafield tag="372" ind1=" " ind2=" ">
    <subfield code="a">zemědělci</subfield>
    <subfield code="a">zemědělství</subfield>
  </datafield>
  <datafield tag="377" ind1=" " ind2=" ">
    <subfield code="a">ger</subfield>
  </datafield>
  <datafield tag="670" ind1=" " ind2=" ">
    <subfield code="a">... Jahreshauptversammlung des Deutsch-österreichischen Bauernbundes in Budweis : am ...</subfield>
  </datafield>
  <datafield tag="670" ind1=" " ind2=" ">
    <subfield code="a">www(Wikipedia, die freie Enzyklopädie), cit. 11.11. 2020</subfield>
    <subfield code="u">https://de.m.wikipedia.org/wiki/Deutsche_Agrarpartei</subfield>
  </datafield>
  <datafield tag="678" ind1=" " ind2=" ">
    <subfield code="a">"Německo-rakouské sdružení zemědělců“ z Českých Budějovic, založené v roce 1898, pravděpodobně zaniklo se vznikem německé Agrární strany (v Českém zemském sněmu) roku 1905.</subfield>
  </datafield>
  <datafield tag="906" ind1=" " ind2=" ">
    <subfield code="a">za20201110</subfield>
    <subfield code="b">vemo</subfield>
  </datafield>
  <datafield tag="906" ind1=" " ind2=" ">
    <subfield code="a">oz20201111</subfield>
    <subfield code="b">svsv</subfield>
    <subfield code="c">Záhlaví - oprava; URL - nově; Zdroj - další výskyt; Další info - nově; Související místo - nově; Oblast působení - nově; Jazyk - nově</subfield>
  </datafield>
</record>