

<record>
  <leader>     nz  a22     n  4500</leader>
  <datafield tag="900" ind1=" " ind2=" ">
    <subfield code="a">N-NÁVRH-VP</subfield>
  </datafield>
  <controlfield tag="001">unn20201092178</controlfield>
  <controlfield tag="003">CZ PrNK</controlfield>
  <controlfield tag="005">20201110112337.0</controlfield>
  <controlfield tag="008">201110|n|acnnnaabn           n a|a      </controlfield>
  <datafield tag="040" ind1=" " ind2=" ">
    <subfield code="a">ABA001</subfield>
    <subfield code="b">cze</subfield>
  </datafield>
  <datafield tag="130" ind1=" " ind2="0">
    <subfield code="a">Vedem (časopis)</subfield>
    <subfield code="7">unn20201092178</subfield>
  </datafield>
  <datafield tag="670" ind1=" " ind2=" ">
    <subfield code="a">www(Wikipedie, otevřená encyklopedie), cit. 10. 11. 2020</subfield>
  </datafield>
  <datafield tag="670" ind1=" " ind2=" ">
    <subfield code="a">We are children just the same : Vedem, thesecret magazine by the boys of Terezín / [prepared and selected from Vedem (In the lead) by Marie Rút Křížková, Kurt Jiří Kotouč and Zdeněk Ornest ; foreword by Václav Havel]. -- 4th ed.. -- Prague : Aventinum, 2000.</subfield>
  </datafield>
  <datafield tag="680" ind1=" " ind2=" ">
    <subfield code="i">Český literární časopis vytvářený skupinou židovských chlapců v terezínském ghettu v letech 1942-1944.</subfield>
  </datafield>
  <datafield tag="906" ind1=" " ind2=" ">
    <subfield code="a">za20201110</subfield>
    <subfield code="b">hedo</subfield>
  </datafield>
</record>