

<record>
  <leader>     nz  a22     n  4500</leader>
  <datafield tag="900" ind1=" " ind2=" ">
    <subfield code="a">J-NÁVRH</subfield>
  </datafield>
  <controlfield tag="001">xx0253762</controlfield>
  <controlfield tag="003">CZ PrNK</controlfield>
  <controlfield tag="005">20201110112021.0</controlfield>
  <controlfield tag="008">201110|n|aznnnaabn           n a|a      </controlfield>
  <datafield tag="040" ind1=" " ind2=" ">
    <subfield code="a">ABH306</subfield>
    <subfield code="b">cze</subfield>
    <subfield code="e">rda</subfield>
  </datafield>
  <datafield tag="100" ind1="1" ind2=" ">
    <subfield code="a">Cordus, August,</subfield>
    <subfield code="d">asi 1520-asi 1584</subfield>
    <subfield code="7">xx0253762</subfield>
  </datafield>
  <datafield tag="370" ind1=" " ind2=" ">
    <subfield code="a">Erfurt (Německo)</subfield>
    <subfield code="c">Německo</subfield>
  </datafield>
  <datafield tag="370" ind1=" " ind2=" ">
    <subfield code="f">Loket (Sokolov, Česko)</subfield>
    <subfield code="s">1576</subfield>
    <subfield code="t">1584</subfield>
  </datafield>
  <datafield tag="370" ind1=" " ind2=" ">
    <subfield code="f">Jáchymov (Karlovy Vary, Česko)</subfield>
    <subfield code="t">1576</subfield>
  </datafield>
  <datafield tag="372" ind1=" " ind2=" ">
    <subfield code="a">malířství</subfield>
  </datafield>
  <datafield tag="374" ind1=" " ind2=" ">
    <subfield code="a">malíři</subfield>
  </datafield>
  <datafield tag="375" ind1=" " ind2=" ">
    <subfield code="a">muž</subfield>
  </datafield>
  <datafield tag="667" ind1=" " ind2=" ">
    <subfield code="a">Biografický slovník českých zemí uvádí rok narození 1510.</subfield>
  </datafield>
  <datafield tag="667" ind1=" " ind2=" ">
    <subfield code="a">Smola, Lukáš: Loket ve výtvarném umění, 2019 uvádí ve studiích z 19. století možné příjmení Srdínko.</subfield>
  </datafield>
  <datafield tag="670" ind1=" " ind2=" ">
    <subfield code="a">Smola, Lukáš: Loket ve výtvarném umění, 2017</subfield>
    <subfield code="b">přibližné roky narození a úmrtí, místo narození, biografické údaje</subfield>
  </datafield>
  <datafield tag="670" ind1=" " ind2=" ">
    <subfield code="a">Thieme, Ulrich: Allgemeines Lexikon der bildenden Künstler von der Antike bis zur Gegenwart: begründet von Ulrich Thieme und Felix Becker Siebenter Band, Cioffi - Cousyns</subfield>
    <subfield code="b">autoritní forma, pole 372, 374, biografické údaje</subfield>
  </datafield>
  <datafield tag="670" ind1=" " ind2=" ">
    <subfield code="a">www(Biografický slovník českých zemí), cit. 4. 11. 2020</subfield>
    <subfield code="b">pole 667</subfield>
  </datafield>
  <datafield tag="670" ind1=" " ind2=" ">
    <subfield code="a">www(Informační systém abART), cit. 4. 11. 2020</subfield>
    <subfield code="b">pole 372, 374, 375</subfield>
  </datafield>
  <datafield tag="675" ind1=" " ind2=" ">
    <subfield code="a">DNB, cit. 4. 11. 2020</subfield>
    <subfield code="a">www(Wikipedie, otevřená encyklopedie), cit. 4. 11. 2020</subfield>
  </datafield>
  <datafield tag="678" ind1=" " ind2=" ">
    <subfield code="a">Malíř, působil v Čechách a v Sasku v 16. století, autor obrazů s náboženskými motivy, epitafů a portrétů ve stylu od gotiky do pozdní renesance. Narozen v Erfurtu kolem roku 1520/1524, zemřel kolem roku 1584 v Lokti (?).</subfield>
  </datafield>
  <datafield tag="906" ind1=" " ind2=" ">
    <subfield code="a">za20201110</subfield>
    <subfield code="b">xzdkr</subfield>
  </datafield>
</record>