

<record>
  <leader>     nz  a22     n  4500</leader>
  <controlfield tag="001">xx0253763</controlfield>
  <controlfield tag="003">CZ PrNK</controlfield>
  <controlfield tag="005">20201113142922.0</controlfield>
  <controlfield tag="008">201110|n|aznnnaabn           n a|a      </controlfield>
  <datafield tag="040" ind1=" " ind2=" ">
    <subfield code="a">ABH306</subfield>
    <subfield code="b">cze</subfield>
    <subfield code="d">ABA001</subfield>
    <subfield code="e">rda</subfield>
  </datafield>
  <datafield tag="046" ind1=" " ind2=" ">
    <subfield code="f">1805</subfield>
    <subfield code="g">1860</subfield>
  </datafield>
  <datafield tag="100" ind1="1" ind2=" ">
    <subfield code="a">Kugler, Hermann,</subfield>
    <subfield code="d">1805-1860</subfield>
    <subfield code="7">xx0253763</subfield>
  </datafield>
  <datafield tag="370" ind1=" " ind2=" ">
    <subfield code="a">Loket, Sokolov, Česko</subfield>
    <subfield code="b">Loket, Sokolov, Česko</subfield>
    <subfield code="c">Česko</subfield>
  </datafield>
  <datafield tag="372" ind1=" " ind2=" ">
    <subfield code="a">výtvarné umění</subfield>
  </datafield>
  <datafield tag="374" ind1=" " ind2=" ">
    <subfield code="a">malíři</subfield>
  </datafield>
  <datafield tag="375" ind1=" " ind2=" ">
    <subfield code="a">muž</subfield>
  </datafield>
  <datafield tag="400" ind1="1" ind2=" ">
    <subfield code="a">Kugler, Heřman,</subfield>
    <subfield code="d">1805-1860</subfield>
    <subfield code="0">o</subfield>
  </datafield>
  <datafield tag="667" ind1=" " ind2=" ">
    <subfield code="a">Smola, Lukáš: Loket ve výtvarném umění, 2017 uvádí místo datumu narození datum křtu 30. 6. 1805.</subfield>
  </datafield>
  <datafield tag="670" ind1=" " ind2=" ">
    <subfield code="a">Smola, Lukáš: Loket ve výtvarném umění, 2017</subfield>
    <subfield code="b">autoritní forma, úplné datum úmrtí, místo narození a úmrtí, pole 372, 374, biografické údaje</subfield>
  </datafield>
  <datafield tag="670" ind1=" " ind2=" ">
    <subfield code="a">www(Informační systém abART), cit. 4. 11. 2020</subfield>
    <subfield code="b">odkaz viz, úplné datum narození a úmrtí, místi narození a úmrtí, pole 375</subfield>
  </datafield>
  <datafield tag="678" ind1="0" ind2=" ">
    <subfield code="a">Narozen 26. 6. 1805 v Lokti, zemřel 4. 12. 1860 v Lokti. Malíř, autor miniatur, portrétů, krajinomaleb, oltářních obrazů a obrazů s historickou tematikou.</subfield>
  </datafield>
  <datafield tag="906" ind1=" " ind2=" ">
    <subfield code="a">za20201110</subfield>
    <subfield code="b">xzdkr</subfield>
  </datafield>
  <datafield tag="906" ind1=" " ind2=" ">
    <subfield code="a">vr20201113</subfield>
    <subfield code="b">lisi</subfield>
  </datafield>
</record>