

<record>
  <leader>     nz  a22     n  4500</leader>
  <datafield tag="900" ind1=" " ind2=" ">
    <subfield code="a">J-NÁVRH</subfield>
  </datafield>
  <controlfield tag="001">xx0253767</controlfield>
  <controlfield tag="003">CZ PrNK</controlfield>
  <controlfield tag="005">20201110112030.7</controlfield>
  <controlfield tag="008">201110|n|aznnnaabn           n a|a      </controlfield>
  <datafield tag="040" ind1=" " ind2=" ">
    <subfield code="a">ABH306</subfield>
    <subfield code="b">cze</subfield>
    <subfield code="e">rda</subfield>
  </datafield>
  <datafield tag="046" ind1=" " ind2=" ">
    <subfield code="f">1820</subfield>
    <subfield code="g">1896</subfield>
  </datafield>
  <datafield tag="100" ind1="1" ind2=" ">
    <subfield code="a">Wolf, Alois,</subfield>
    <subfield code="d">1820-1896</subfield>
    <subfield code="7">xx0253767</subfield>
  </datafield>
  <datafield tag="370" ind1=" " ind2=" ">
    <subfield code="a">Praha (Česko)</subfield>
    <subfield code="b">Kadaň (Česko)</subfield>
    <subfield code="c">Česko</subfield>
  </datafield>
  <datafield tag="370" ind1=" " ind2=" ">
    <subfield code="f">Loket (Sokolov, Česko)</subfield>
    <subfield code="s">1858</subfield>
    <subfield code="t">1872</subfield>
  </datafield>
  <datafield tag="372" ind1=" " ind2=" ">
    <subfield code="a">malířství</subfield>
    <subfield code="a">školství</subfield>
  </datafield>
  <datafield tag="374" ind1=" " ind2=" ">
    <subfield code="a">malíři</subfield>
    <subfield code="a">středoškolští učitelé</subfield>
  </datafield>
  <datafield tag="375" ind1=" " ind2=" ">
    <subfield code="a">muž</subfield>
  </datafield>
  <datafield tag="670" ind1=" " ind2=" ">
    <subfield code="a">Smola, Lukáš: Loket ve výtvarném umění, 2017</subfield>
    <subfield code="b">úplná data, místo narození a úmrtí, související místo pole 372, 374, biografické údaje</subfield>
  </datafield>
  <datafield tag="670" ind1=" " ind2=" ">
    <subfield code="a">Volmmer, Hans: Allgemeines Lexikon der bildenden Künstler von der Antike bis zur Gegenwart: begründet von Ulrich Thieme und Felix Becker</subfield>
    <subfield code="b">autoritní forma, rok narození, pole 372, 374</subfield>
  </datafield>
  <datafield tag="678" ind1=" " ind2=" ">
    <subfield code="a">Narozen 25. 10. 1820 v Praze, zemřel 17. 10. 1896 v Kadani. Středoškolský pedagog a malíř, autor obrazů s motivem krajiny.</subfield>
  </datafield>
  <datafield tag="906" ind1=" " ind2=" ">
    <subfield code="a">za20201110</subfield>
    <subfield code="b">xzdkr</subfield>
  </datafield>
</record>