

<record>
  <leader>     nz  a22     n  4500</leader>
  <datafield tag="900" ind1=" " ind2=" ">
    <subfield code="a">J-NÁVRH</subfield>
  </datafield>
  <controlfield tag="001">xx0253768</controlfield>
  <controlfield tag="003">CZ PrNK</controlfield>
  <controlfield tag="005">20201110112032.4</controlfield>
  <controlfield tag="008">201110|n|aznnnaabn           n a|a      </controlfield>
  <datafield tag="040" ind1=" " ind2=" ">
    <subfield code="a">ABH306</subfield>
    <subfield code="b">cze</subfield>
    <subfield code="e">rda</subfield>
  </datafield>
  <datafield tag="100" ind1="1" ind2=" ">
    <subfield code="a">Grams, Otto,</subfield>
    <subfield code="d">1889-</subfield>
    <subfield code="7">xx0253768</subfield>
  </datafield>
  <datafield tag="370" ind1=" " ind2=" ">
    <subfield code="a">Sokolov (Česko)</subfield>
    <subfield code="c">Česko</subfield>
  </datafield>
  <datafield tag="372" ind1=" " ind2=" ">
    <subfield code="a">architektura</subfield>
  </datafield>
  <datafield tag="374" ind1=" " ind2=" ">
    <subfield code="a">architekti</subfield>
  </datafield>
  <datafield tag="375" ind1=" " ind2=" ">
    <subfield code="a">muž</subfield>
  </datafield>
  <datafield tag="377" ind1=" " ind2=" ">
    <subfield code="a">ger</subfield>
    <subfield code="a">cze</subfield>
  </datafield>
  <datafield tag="670" ind1=" " ind2=" ">
    <subfield code="a">Prokop, Vladimír- Smola, Lukáš: Sokolovsko: umění, památky a umělci do roku 1945, 2014</subfield>
    <subfield code="b">autoritní forma, biografické údaje</subfield>
  </datafield>
  <datafield tag="670" ind1=" " ind2=" ">
    <subfield code="a">www(Wikipedie, otevřená encyklopedie), cit. 9. 7. 2020</subfield>
    <subfield code="b">úplné datum narození, místo narození, pole 372, 374, biografické údaje</subfield>
    <subfield code="u">https://cs.wikipedia.org/wiki/Otto_Grams</subfield>
  </datafield>
  <datafield tag="678" ind1=" " ind2=" ">
    <subfield code="a">Narozen 2. 4. 1889 v Sokolově, místo a datum úmrtí neznámé. Český, německy mluvící architekt, ve 30. letech projektoval domovní bloky a vily v Olomouci a Praze.</subfield>
  </datafield>
  <datafield tag="906" ind1=" " ind2=" ">
    <subfield code="a">za20201110</subfield>
    <subfield code="b">xzdkr</subfield>
  </datafield>
</record>