

<record>
  <leader>     cz  a22     n  4500</leader>
  <controlfield tag="001">xx0253771</controlfield>
  <controlfield tag="003">CZ PrNK</controlfield>
  <controlfield tag="005">20201113142050.0</controlfield>
  <controlfield tag="008">201110|n|aznnnaabn           n a|a      </controlfield>
  <datafield tag="040" ind1=" " ind2=" ">
    <subfield code="a">ABH306</subfield>
    <subfield code="b">cze</subfield>
    <subfield code="d">ABA001</subfield>
    <subfield code="e">rda</subfield>
  </datafield>
  <datafield tag="046" ind1=" " ind2=" ">
    <subfield code="f">1964</subfield>
  </datafield>
  <datafield tag="100" ind1="1" ind2=" ">
    <subfield code="a">Hönig, Heide,</subfield>
    <subfield code="d">1964-</subfield>
    <subfield code="7">xx0253771</subfield>
  </datafield>
  <datafield tag="370" ind1=" " ind2=" ">
    <subfield code="a">Plauen, Německo</subfield>
    <subfield code="c">Německo</subfield>
    <subfield code="f">Drážďany, Německo</subfield>
  </datafield>
  <datafield tag="372" ind1=" " ind2=" ">
    <subfield code="a">montánní archeologie</subfield>
  </datafield>
  <datafield tag="374" ind1=" " ind2=" ">
    <subfield code="a">archeoložky</subfield>
  </datafield>
  <datafield tag="375" ind1=" " ind2=" ">
    <subfield code="a">žena</subfield>
  </datafield>
  <datafield tag="377" ind1=" " ind2=" ">
    <subfield code="a">ger</subfield>
  </datafield>
  <datafield tag="670" ind1=" " ind2=" ">
    <subfield code="a">Schubert, Matthias - Burghardt, Ivonne - Tolksdorf, Johann Friedrich - Schröder, Frank - Hönig, Heide - Křivánek, Roman: Nově objevené středověké hornické sídliště v poloze "Vorderer Grünwald" u Schönfeldu na hřebeni východní části Krušných hor. In: Krušné hory v centru zájmu montánní archeologie (konference), 2018, s. 197-207.</subfield>
  </datafield>
  <datafield tag="670" ind1=" " ind2=" ">
    <subfield code="a">www (DNB), cit. 21. 08. 2020</subfield>
    <subfield code="b">autoritní forma, rok a místo narození, související místo, pole 372, 373, 374, biografické údaje</subfield>
  </datafield>
  <datafield tag="678" ind1="0" ind2=" ">
    <subfield code="a">Německá archeoložka.</subfield>
  </datafield>
  <datafield tag="906" ind1=" " ind2=" ">
    <subfield code="a">za20201110</subfield>
    <subfield code="b">xzdkr</subfield>
  </datafield>
  <datafield tag="906" ind1=" " ind2=" ">
    <subfield code="a">op20201113</subfield>
    <subfield code="b">lisi</subfield>
    <subfield code="c">Pole 373 - chybné, zrušeno</subfield>
  </datafield>
</record>