

<record>
  <leader>     nz  a22     n  4500</leader>
  <datafield tag="900" ind1=" " ind2=" ">
    <subfield code="a">J-NÁVRH</subfield>
  </datafield>
  <controlfield tag="001">xx0253772</controlfield>
  <controlfield tag="003">CZ PrNK</controlfield>
  <controlfield tag="005">20201110112039.4</controlfield>
  <controlfield tag="008">201110|n|aznnnaabn           n a|a      </controlfield>
  <datafield tag="040" ind1=" " ind2=" ">
    <subfield code="a">ABH306</subfield>
    <subfield code="b">cze</subfield>
    <subfield code="e">rda</subfield>
  </datafield>
  <datafield tag="046" ind1=" " ind2=" ">
    <subfield code="f">1852</subfield>
    <subfield code="g">1924</subfield>
  </datafield>
  <datafield tag="100" ind1="1" ind2=" ">
    <subfield code="a">Deininger, Julius,</subfield>
    <subfield code="d">1852-1924</subfield>
    <subfield code="7">xx0253772</subfield>
  </datafield>
  <datafield tag="370" ind1=" " ind2=" ">
    <subfield code="a">Vídeň (Rakousko)</subfield>
    <subfield code="b">Vídeň (Rakousko)</subfield>
    <subfield code="c">Rakousko</subfield>
  </datafield>
  <datafield tag="372" ind1=" " ind2=" ">
    <subfield code="a">architektura</subfield>
  </datafield>
  <datafield tag="373" ind1=" " ind2=" ">
    <subfield code="a">Akademie der bildenden Künste in Wien. Institut für Kunst und Architektur</subfield>
    <subfield code="s">1873</subfield>
    <subfield code="t">1876</subfield>
  </datafield>
  <datafield tag="373" ind1=" " ind2=" ">
    <subfield code="a">Technische Hochschule Wien</subfield>
    <subfield code="s">1870</subfield>
  </datafield>
  <datafield tag="374" ind1=" " ind2=" ">
    <subfield code="a">architekti</subfield>
    <subfield code="a">učitelé</subfield>
  </datafield>
  <datafield tag="375" ind1=" " ind2=" ">
    <subfield code="a">muž</subfield>
  </datafield>
  <datafield tag="377" ind1=" " ind2=" ">
    <subfield code="a">ger</subfield>
  </datafield>
  <datafield tag="400" ind1="1" ind2=" ">
    <subfield code="a">Deininger, Julius Theodor,</subfield>
    <subfield code="d">1852-1924</subfield>
    <subfield code="0">o</subfield>
  </datafield>
  <datafield tag="670" ind1=" " ind2=" ">
    <subfield code="a">Horváthová, Jana - Zeman,Lubomír - Rund, Michael: Architekti a stavitelé hovořící německým jazykem v severozápadních Čechách. In: Sborník muzea Karlovarského kraje 2012. Roč. 20 (2012), s. 331 - 352</subfield>
    <subfield code="b">biografické údaje</subfield>
  </datafield>
  <datafield tag="670" ind1=" " ind2=" ">
    <subfield code="a">DNB, cit. 31. 3. 2020</subfield>
    <subfield code="b">autoritní forma, rok narození a úmrtí, místo narození a úmrtí, pole 372, 374, 375, biografické údaje</subfield>
  </datafield>
  <datafield tag="670" ind1=" " ind2=" ">
    <subfield code="a">www(Architektenlexion Wien 1770-1945), cit. 10. 11. 2020</subfield>
    <subfield code="b">úplná data, místo narození a úmrtí, odkaz viz, pole 373, biografické údaje</subfield>
  </datafield>
  <datafield tag="670" ind1=" " ind2=" ">
    <subfield code="a">www(arch-pavouk.cz), cit. 9. 7. 2020</subfield>
    <subfield code="b">úplná data, místo narození a úmrtí, biografické údaje</subfield>
  </datafield>
  <datafield tag="678" ind1=" " ind2=" ">
    <subfield code="a">Rakouský projektant, významný představitel pozdního historismu a secese, c.k. vrchní stavební rada, profesor a ředitel vídeňské průmyslové školy, autor domů a vil ve Vídni a na Karlovarsku. Narozen 23. 5. 1852, zemřel 15. 8. 1924.</subfield>
  </datafield>
  <datafield tag="906" ind1=" " ind2=" ">
    <subfield code="a">za20201110</subfield>
    <subfield code="b">xzdkr</subfield>
  </datafield>
</record>