

<record>
  <leader>     nz  a22     n  4500</leader>
  <datafield tag="900" ind1=" " ind2=" ">
    <subfield code="a">J-NÁVRH</subfield>
  </datafield>
  <controlfield tag="001">xx0253773</controlfield>
  <controlfield tag="003">CZ PrNK</controlfield>
  <controlfield tag="005">20201110112041.4</controlfield>
  <controlfield tag="008">201110|n|aznnnaabn           n a|a      </controlfield>
  <datafield tag="040" ind1=" " ind2=" ">
    <subfield code="a">ABH306</subfield>
    <subfield code="b">cze</subfield>
    <subfield code="e">rda</subfield>
  </datafield>
  <datafield tag="046" ind1=" " ind2=" ">
    <subfield code="f">1863</subfield>
    <subfield code="g">1917</subfield>
  </datafield>
  <datafield tag="100" ind1="1" ind2=" ">
    <subfield code="a">Hackhofer, Josef,</subfield>
    <subfield code="d">1863-1917</subfield>
    <subfield code="7">xx0253773</subfield>
  </datafield>
  <datafield tag="370" ind1=" " ind2=" ">
    <subfield code="a">Wolfsberg (Rakousko)</subfield>
    <subfield code="b">Vídeň (Rakousko)</subfield>
    <subfield code="c">Rakousko</subfield>
    <subfield code="f">Vídeň (Rakousko)</subfield>
  </datafield>
  <datafield tag="372" ind1=" " ind2=" ">
    <subfield code="a">architektura</subfield>
  </datafield>
  <datafield tag="373" ind1=" " ind2=" ">
    <subfield code="a">Deutscher Werkbund</subfield>
    <subfield code="s">1908</subfield>
    <subfield code="t">1910</subfield>
  </datafield>
  <datafield tag="373" ind1=" " ind2=" ">
    <subfield code="a">Wiener Secession</subfield>
    <subfield code="s">1892</subfield>
  </datafield>
  <datafield tag="374" ind1=" " ind2=" ">
    <subfield code="a">architekti</subfield>
  </datafield>
  <datafield tag="375" ind1=" " ind2=" ">
    <subfield code="a">muž</subfield>
  </datafield>
  <datafield tag="377" ind1=" " ind2=" ">
    <subfield code="a">ger</subfield>
  </datafield>
  <datafield tag="670" ind1=" " ind2=" ">
    <subfield code="a">Horváthová, Jana - Zeman,Lubomír - Rund, Michael: Architekti a stavitelé hovořící německým jazykem v severozápadních Čechách. In: Sborník muzea Karlovarského kraje 2012. Roč. 20 (2012), s. 331 - 352</subfield>
    <subfield code="b">pole 373, biografické údaje</subfield>
  </datafield>
  <datafield tag="670" ind1=" " ind2=" ">
    <subfield code="a">DNB, cit. 31. 3. 2020</subfield>
    <subfield code="b">autoritní forma, rok narození a úmrtí, související místo, národnost, pole 372, 374, 375, biografické údaje</subfield>
  </datafield>
  <datafield tag="670" ind1=" " ind2=" ">
    <subfield code="a">www(Architektenlexion Wien 1770-1945), cit. 10. 11. 2020</subfield>
    <subfield code="b">úplná data, místo narození a úmrtí, národnost, pole 375</subfield>
  </datafield>
  <datafield tag="678" ind1=" " ind2=" ">
    <subfield code="a">Rakouský architekt, autor secesních domů, mostů, továren. Narozen 18. 3. 1863 ve Wosfbergu, Kärnten, zemřel 8. 9. 1917 ve Vídni.</subfield>
  </datafield>
  <datafield tag="906" ind1=" " ind2=" ">
    <subfield code="a">za20201110</subfield>
    <subfield code="b">xzdkr</subfield>
  </datafield>
</record>