

<record>
  <leader>     nz  a22     n  4500</leader>
  <datafield tag="900" ind1=" " ind2=" ">
    <subfield code="a">*J-NÁVRH</subfield>
  </datafield>
  <controlfield tag="001">av20201092208</controlfield>
  <controlfield tag="003">CZ PrNK</controlfield>
  <controlfield tag="005">20201110121257.0</controlfield>
  <controlfield tag="008">201110|n|aznnnaabn           n a|a      </controlfield>
  <datafield tag="040" ind1=" " ind2=" ">
    <subfield code="a">ABB060</subfield>
    <subfield code="b">cze</subfield>
    <subfield code="e">rda</subfield>
  </datafield>
  <datafield tag="046" ind1=" " ind2=" ">
    <subfield code="f">1996</subfield>
  </datafield>
  <datafield tag="100" ind1="1" ind2=" ">
    <subfield code="a">Tomášek, Lukáš,</subfield>
    <subfield code="d">1996-</subfield>
    <subfield code="7">av20201092208</subfield>
  </datafield>
  <datafield tag="370" ind1=" " ind2=" ">
    <subfield code="a">Praha, Česko</subfield>
    <subfield code="c">Česko</subfield>
  </datafield>
  <datafield tag="372" ind1=" " ind2=" ">
    <subfield code="a">překladatelství</subfield>
    <subfield code="a">publicistika</subfield>
    <subfield code="a">poezie</subfield>
  </datafield>
  <datafield tag="374" ind1=" " ind2=" ">
    <subfield code="a">překladatelé</subfield>
    <subfield code="a">publicisté</subfield>
    <subfield code="a">básníci</subfield>
  </datafield>
  <datafield tag="375" ind1=" " ind2=" ">
    <subfield code="a">muž</subfield>
  </datafield>
  <datafield tag="377" ind1=" " ind2=" ">
    <subfield code="a">cze</subfield>
  </datafield>
  <datafield tag="670" ind1=" " ind2=" ">
    <subfield code="a">Tomášek, Lukáš: Záterasí : O čem říct, že jsem potkal? In: Dobrá adresa. Roč. 18, 2017, č. 5, s. 40-45</subfield>
    <subfield code="b">autoritní forma</subfield>
  </datafield>
  <datafield tag="670" ind1=" " ind2=" ">
    <subfield code="a">[Lukáš Tomášek - biogram]. In: Tvar. Roč. 32, 2020, č. 7, 2. 4., s. 9</subfield>
    <subfield code="b">rok narození, biografické údaje, charakteristika činnosti</subfield>
  </datafield>
  <datafield tag="678" ind1="0" ind2=" ">
    <subfield code="a">Narozen v roce 1996 v Praze. Překladatel, redaktor, básník.</subfield>
  </datafield>
  <datafield tag="906" ind1=" " ind2=" ">
    <subfield code="a">za20201110</subfield>
    <subfield code="b">uclph</subfield>
  </datafield>
</record>