

<record>
  <leader>     nz  a22     n  4500</leader>
  <controlfield tag="001">jo20201092226</controlfield>
  <controlfield tag="003">CZ PrNK</controlfield>
  <controlfield tag="005">20201110130022.0</controlfield>
  <controlfield tag="008">201110|n|aznnnaabn           n a|a      </controlfield>
  <datafield tag="024" ind1="7" ind2=" ">
    <subfield code="a">0000000108896639</subfield>
    <subfield code="2">isni</subfield>
  </datafield>
  <datafield tag="040" ind1=" " ind2=" ">
    <subfield code="a">ABA001</subfield>
    <subfield code="b">cze</subfield>
    <subfield code="e">rda</subfield>
  </datafield>
  <datafield tag="046" ind1=" " ind2=" ">
    <subfield code="f">1927</subfield>
  </datafield>
  <datafield tag="100" ind1="1" ind2=" ">
    <subfield code="a">Cavazza, Fabio Luca,</subfield>
    <subfield code="d">1927-</subfield>
    <subfield code="7">jo20201092226</subfield>
  </datafield>
  <datafield tag="370" ind1=" " ind2=" ">
    <subfield code="c">Itálie</subfield>
  </datafield>
  <datafield tag="372" ind1=" " ind2=" ">
    <subfield code="a">nakladatelství a vydavatelství</subfield>
    <subfield code="a">redakční práce</subfield>
    <subfield code="a">právo</subfield>
  </datafield>
  <datafield tag="374" ind1=" " ind2=" ">
    <subfield code="a">nakladatelé a vydavatelé</subfield>
    <subfield code="a">redaktoři</subfield>
    <subfield code="a">právníci</subfield>
  </datafield>
  <datafield tag="375" ind1=" " ind2=" ">
    <subfield code="a">muž</subfield>
  </datafield>
  <datafield tag="377" ind1=" " ind2=" ">
    <subfield code="a">ita</subfield>
  </datafield>
  <datafield tag="670" ind1=" " ind2=" ">
    <subfield code="a">Francesco Bello: Diplomazia culturale e guerra fredda : Fabio Luca Cavazza dal Mulino al centrosinistra, 2020</subfield>
    <subfield code="b">biografické údaje</subfield>
  </datafield>
  <datafield tag="670" ind1=" " ind2=" ">
    <subfield code="a">www(Cavazza, Fabio Luca in "Dizionario Biografico" - Treccani), cit. 10. 11. 2020</subfield>
    <subfield code="b">datum narození, biografické údaje</subfield>
    <subfield code="u">https://www.treccani.it/enciclopedia/fabio-luca-cavazza_%28Dizionario-Biografico%29/</subfield>
  </datafield>
  <datafield tag="670" ind1=" " ind2=" ">
    <subfield code="a">ICCU, cit. 10. 11. 2020</subfield>
    <subfield code="b">autoritní forma</subfield>
  </datafield>
  <datafield tag="678" ind1="0" ind2=" ">
    <subfield code="a">Italský právník, nakladatel, redaktor, zakladatel časopisu il Mulino.</subfield>
  </datafield>
  <datafield tag="906" ind1=" " ind2=" ">
    <subfield code="a">br20201110</subfield>
    <subfield code="b">maku</subfield>
  </datafield>
</record>