

<record>
  <leader>     nz  a22     n  4500</leader>
  <datafield tag="900" ind1=" " ind2=" ">
    <subfield code="a">K-NÁVRH</subfield>
  </datafield>
  <controlfield tag="001">ntk20201092231</controlfield>
  <controlfield tag="003">CZ PrNK</controlfield>
  <controlfield tag="005">20201110130855.0</controlfield>
  <controlfield tag="008">201110|n|aznnnaabn           n a|a      </controlfield>
  <datafield tag="040" ind1=" " ind2=" ">
    <subfield code="a">ABA013</subfield>
    <subfield code="b">cze</subfield>
    <subfield code="e">rda</subfield>
  </datafield>
  <datafield tag="110" ind1="2" ind2=" ">
    <subfield code="a">Collegium Societatis Jesu Herbipolense</subfield>
    <subfield code="7">ntk20201092231</subfield>
  </datafield>
  <datafield tag="368" ind1=" " ind2=" ">
    <subfield code="a">církevní školy</subfield>
    <subfield code="a">vysoké školy</subfield>
  </datafield>
  <datafield tag="370" ind1=" " ind2=" ">
    <subfield code="c">Německo</subfield>
    <subfield code="e">Würzburg, Německo</subfield>
    <subfield code="f">Bavorsko, Německo</subfield>
  </datafield>
  <datafield tag="372" ind1=" " ind2=" ">
    <subfield code="a">jezuitská pedagogika</subfield>
    <subfield code="a">vzdělávání</subfield>
    <subfield code="a">knižní kultura</subfield>
  </datafield>
  <datafield tag="377" ind1=" " ind2=" ">
    <subfield code="a">lat</subfield>
    <subfield code="a">ger</subfield>
  </datafield>
  <datafield tag="410" ind1="2" ind2=" ">
    <subfield code="a">Jesuitenkolleg (Würzburg, Německo)</subfield>
    <subfield code="0">o</subfield>
  </datafield>
  <datafield tag="410" ind1="2" ind2=" ">
    <subfield code="a">Collegium Societatis Jesu Wirceburgensis</subfield>
    <subfield code="2">czelat</subfield>
    <subfield code="0">o</subfield>
  </datafield>
  <datafield tag="410" ind1="2" ind2=" ">
    <subfield code="a">Academia Iuventutis Societatis Jesu (Würzburg, Německo)</subfield>
    <subfield code="2">czelat</subfield>
    <subfield code="0">o</subfield>
  </datafield>
  <datafield tag="410" ind1="2" ind2=" ">
    <subfield code="a">Academia Juventutis Societatis Jesu (Würzburg, Německo)</subfield>
    <subfield code="2">czelat</subfield>
    <subfield code="0">o</subfield>
  </datafield>
  <datafield tag="410" ind1="2" ind2=" ">
    <subfield code="a">Societas Jesu.</subfield>
    <subfield code="b">Jesuitenkolleg (Würzburg, Německo)</subfield>
    <subfield code="0">o</subfield>
  </datafield>
  <datafield tag="410" ind1="2" ind2=" ">
    <subfield code="a">Societas Jesu.</subfield>
    <subfield code="b">Collegium Herbipolense</subfield>
    <subfield code="2">czelat</subfield>
    <subfield code="0">o</subfield>
  </datafield>
  <datafield tag="410" ind1="2" ind2=" ">
    <subfield code="a">Jesuiten (Würzburg, Německo)</subfield>
    <subfield code="0">o</subfield>
  </datafield>
  <datafield tag="410" ind1="2" ind2=" ">
    <subfield code="a">Jesuitenkolleg (Würzburg, Německo)</subfield>
    <subfield code="0">o</subfield>
  </datafield>
  <datafield tag="410" ind1="2" ind2=" ">
    <subfield code="a">Jesuitenkloster Würzburg</subfield>
    <subfield code="0">o</subfield>
  </datafield>
  <datafield tag="410" ind1="2" ind2=" ">
    <subfield code="a">Collegium Soc. Jesu Herbipoli</subfield>
    <subfield code="2">czelat</subfield>
    <subfield code="0">o</subfield>
  </datafield>
  <datafield tag="410" ind1="2" ind2=" ">
    <subfield code="a">Collegium S. J. Herbipoli</subfield>
    <subfield code="2">czelat</subfield>
    <subfield code="0">o</subfield>
  </datafield>
  <datafield tag="410" ind1="2" ind2=" ">
    <subfield code="a">Coll. Soc. Jesu Herbip.</subfield>
    <subfield code="2">czelat</subfield>
    <subfield code="0">o</subfield>
  </datafield>
  <datafield tag="410" ind1="2" ind2=" ">
    <subfield code="a">Collegium Soctis JESU Herbipolense</subfield>
    <subfield code="2">czelat</subfield>
    <subfield code="0">o</subfield>
  </datafield>
  <datafield tag="410" ind1="1" ind2=" ">
    <subfield code="a">Würzburg, Německo.</subfield>
    <subfield code="b">Collegium Societatis Jesu Herbipolense</subfield>
    <subfield code="0">o</subfield>
  </datafield>
  <datafield tag="410" ind1="2" ind2=" ">
    <subfield code="a">Jezuité.</subfield>
    <subfield code="b">Collegium Herbipolense</subfield>
    <subfield code="0">o</subfield>
  </datafield>
  <datafield tag="410" ind1="2" ind2=" ">
    <subfield code="a">Wirsberg Gymnasium (Würzburg, Německo)</subfield>
    <subfield code="0">o</subfield>
  </datafield>
  <datafield tag="410" ind1="2" ind2=" ">
    <subfield code="a">Universität Würzburg.</subfield>
    <subfield code="b">Collegium Societatis Jesu</subfield>
    <subfield code="0">o</subfield>
  </datafield>
  <datafield tag="667" ind1=" " ind2=" ">
    <subfield code="a">http://d-nb.info/gnd/5086957-7. https://id.loc.gov/authorities/names/n99024321.</subfield>
  </datafield>
  <datafield tag="670" ind1=" " ind2=" ">
    <subfield code="a">ORGANUM MATHEMATICUM LIBRIS IX EXPLICATUM à P. GASPARE SCHOTTO, ... HERBIPOLI: Sumptibus JOHANNIS ANDREÆ ENDTERI, &amp; WOLFGANGI Jun. Hæredum, Excudebat JOBUS HERTZ, Typographus Herbipol, 1668. DEDICATIO: Collegium Soctis JESU Herbipolense</subfield>
    <subfield code="b">odkaz viz</subfield>
    <subfield code="u">http://digital.slub-dresden.de/ppn274819260</subfield>
  </datafield>
  <datafield tag="670" ind1=" " ind2=" ">
    <subfield code="a">LC (Names), cit. 10. 11. 2020</subfield>
    <subfield code="b">autoritní forma, odkazy viz, údaje o korporaci</subfield>
    <subfield code="u">https://id.loc.gov/authorities/names/n99024321</subfield>
  </datafield>
  <datafield tag="670" ind1=" " ind2=" ">
    <subfield code="a">DNB, cit. 10. 11. 2020</subfield>
    <subfield code="b">odkazy viz, data a místo činnosti, údaje o korporaci</subfield>
    <subfield code="u">http://d-nb.info/gnd/5086957-7</subfield>
  </datafield>
  <datafield tag="678" ind1=" " ind2=" ">
    <subfield code="a">Jezuitská vysoká škola ve Würzburgu s působností v Bavorsku, kterou jezuitům věnoval würsburgský biskup Friedrich von Wirsberg (1507-1573) v roce 1567. V r. 1587 se změnila na univerzitu se čtyřmi fakultami. Po zrušení řádu v roce 1773 připadly podíly Würsburgské univerzitě (Universitas Herbipolensis).</subfield>
  </datafield>
  <datafield tag="906" ind1=" " ind2=" ">
    <subfield code="a">za20201110</subfield>
    <subfield code="b">evbr</subfield>
  </datafield>
  <datafield tag="906" ind1=" " ind2=" ">
    <subfield code="a">ko20201110</subfield>
    <subfield code="b">evbr</subfield>
  </datafield>
</record>