

<record>
  <leader>     nz  a22     n  4500</leader>
  <controlfield tag="001">jo20201092239</controlfield>
  <controlfield tag="003">CZ PrNK</controlfield>
  <controlfield tag="005">20201110132555.0</controlfield>
  <controlfield tag="008">201110|n|aznnnaabn           n a|a      </controlfield>
  <datafield tag="024" ind1="7" ind2=" ">
    <subfield code="a">0000000061505329</subfield>
    <subfield code="2">isni</subfield>
  </datafield>
  <datafield tag="040" ind1=" " ind2=" ">
    <subfield code="a">ABA001</subfield>
    <subfield code="b">cze</subfield>
    <subfield code="e">rda</subfield>
  </datafield>
  <datafield tag="046" ind1=" " ind2=" ">
    <subfield code="f">1972</subfield>
  </datafield>
  <datafield tag="100" ind1="1" ind2=" ">
    <subfield code="a">Binggeli, André,</subfield>
    <subfield code="d">1972-</subfield>
    <subfield code="7">jo20201092239</subfield>
  </datafield>
  <datafield tag="370" ind1=" " ind2=" ">
    <subfield code="c">Francie</subfield>
  </datafield>
  <datafield tag="372" ind1=" " ind2=" ">
    <subfield code="a">řecká filologie</subfield>
    <subfield code="a">orientální filologie</subfield>
    <subfield code="a">dějiny knihoven</subfield>
    <subfield code="a">dějiny náboženství</subfield>
    <subfield code="a">východní křesťanství</subfield>
    <subfield code="a">rukopisy</subfield>
  </datafield>
  <datafield tag="374" ind1=" " ind2=" ">
    <subfield code="a">historici</subfield>
    <subfield code="a">filologové</subfield>
  </datafield>
  <datafield tag="375" ind1=" " ind2=" ">
    <subfield code="a">muž</subfield>
  </datafield>
  <datafield tag="377" ind1=" " ind2=" ">
    <subfield code="a">fre</subfield>
  </datafield>
  <datafield tag="670" ind1=" " ind2=" ">
    <subfield code="a">BNF, cit. 10. 11. 2020</subfield>
    <subfield code="b">autoritní forma, rok narození, biografické údaje</subfield>
  </datafield>
  <datafield tag="670" ind1=" " ind2=" ">
    <subfield code="a">www(Orient &amp; Méditerranée), cit. 10. 11. 2020</subfield>
    <subfield code="b">biografické údaje</subfield>
  </datafield>
  <datafield tag="670" ind1=" " ind2=" ">
    <subfield code="a">www(Institut de recherche et d'histoire des textes), cit. 10. 11. 2020</subfield>
    <subfield code="b">biografické údaje</subfield>
    <subfield code="u">https://www.irht.cnrs.fr/fr/annuaire/binggeli-andre</subfield>
  </datafield>
  <datafield tag="670" ind1=" " ind2=" ">
    <subfield code="a">Catalogue des manuscrits conservés dans la Bibliothèque du Patriarcat œcuménique : les manuscrits du monastère de la Sainte-Trinité de Chalki; André Binggeli, Matthieu Cassin, Marie Cronier et Matoula Kouroupou, 2019</subfield>
  </datafield>
  <datafield tag="678" ind1="0" ind2=" ">
    <subfield code="a">Francouzský vysokoškolský pedagog řecké a orientální filologie, specializace na dějiny rukopisů, klášterní a hagiografickou literaturu, východní křesťanství a arabsko-muslimský svět a dějiny knihoven.</subfield>
  </datafield>
  <datafield tag="906" ind1=" " ind2=" ">
    <subfield code="a">br20201110</subfield>
    <subfield code="b">maku</subfield>
  </datafield>
</record>