

<record>
  <leader>     nz  a22     n  4500</leader>
  <datafield tag="900" ind1=" " ind2=" ">
    <subfield code="a">*J-NÁVRH</subfield>
  </datafield>
  <controlfield tag="001">mzk20201092245</controlfield>
  <controlfield tag="003">CZ PrNK</controlfield>
  <controlfield tag="005">20201110134050.0</controlfield>
  <controlfield tag="008">201110|n|aznnnaabn           n a|a      </controlfield>
  <datafield tag="024" ind1="7" ind2=" ">
    <subfield code="a">0000000084459273</subfield>
    <subfield code="2">isni</subfield>
  </datafield>
  <datafield tag="040" ind1=" " ind2=" ">
    <subfield code="a">BOA001</subfield>
    <subfield code="b">cze</subfield>
    <subfield code="e">rda</subfield>
  </datafield>
  <datafield tag="046" ind1=" " ind2=" ">
    <subfield code="f">1908</subfield>
    <subfield code="g">1986</subfield>
  </datafield>
  <datafield tag="100" ind1="1" ind2=" ">
    <subfield code="a">Tschudy, Robert H.,</subfield>
    <subfield code="d">1908-1986</subfield>
    <subfield code="7">mzk20201092245</subfield>
  </datafield>
  <datafield tag="370" ind1=" " ind2=" ">
    <subfield code="c">Spojené státy americké</subfield>
    <subfield code="f">Španělsko</subfield>
  </datafield>
  <datafield tag="372" ind1=" " ind2=" ">
    <subfield code="a">palynologie</subfield>
    <subfield code="a">paleobotanika</subfield>
    <subfield code="a">fosilní spóry</subfield>
    <subfield code="a">botanika</subfield>
    <subfield code="a">fyziologie rostlin</subfield>
    <subfield code="a">oceánografie</subfield>
    <subfield code="a">vědecká činnost</subfield>
  </datafield>
  <datafield tag="374" ind1=" " ind2=" ">
    <subfield code="a">paleobotanici</subfield>
    <subfield code="a">botanici</subfield>
    <subfield code="a">oceánografové</subfield>
    <subfield code="a">vědci</subfield>
    <subfield code="a">vysokoškolští učitelé</subfield>
  </datafield>
  <datafield tag="375" ind1=" " ind2=" ">
    <subfield code="a">muž</subfield>
  </datafield>
  <datafield tag="377" ind1=" " ind2=" ">
    <subfield code="a">eng</subfield>
    <subfield code="a">spa</subfield>
  </datafield>
  <datafield tag="400" ind1="1" ind2=" ">
    <subfield code="a">Tschudy, Robert Haydn,</subfield>
    <subfield code="d">1908-1986</subfield>
    <subfield code="0">o</subfield>
  </datafield>
  <datafield tag="670" ind1=" " ind2=" ">
    <subfield code="a">Tschudy, Robert HaydnautComplexiopollis Pollan Lineage in Mississippi Embayment Rooks, 1973</subfield>
    <subfield code="b">odkaz viz</subfield>
  </datafield>
  <datafield tag="670" ind1=" " ind2=" ">
    <subfield code="a">LC (Names), cit. 10. 11. 2020</subfield>
    <subfield code="b">autoritní forma</subfield>
  </datafield>
  <datafield tag="670" ind1=" " ind2=" ">
    <subfield code="a">www(The Geological Society of America), cit. 10. 11. 2020</subfield>
    <subfield code="b">biografické údaje, roak narození, rok úmrtí</subfield>
    <subfield code="u">https://www.geosociety.org/documents/gsa/memorials/v18/Tschudy-RH.pdf</subfield>
  </datafield>
  <datafield tag="678" ind1="0" ind2=" ">
    <subfield code="a">Americký paleobotanik, oceánograf a vědec zaměřený na palynologii, fyziologii rostlin a oceánografii. Jako a vysokoškolský učitel působil ve Španělsku.</subfield>
  </datafield>
  <datafield tag="906" ind1=" " ind2=" ">
    <subfield code="a">za20201110</subfield>
    <subfield code="b">svobal</subfield>
  </datafield>
</record>