

<record>
  <leader>     cz  a22     n  4500</leader>
  <controlfield tag="001">ko20201092246</controlfield>
  <controlfield tag="003">CZ PrNK</controlfield>
  <controlfield tag="005">20201110134315.0</controlfield>
  <controlfield tag="008">201110|n|aznnnaabn           n a|a      </controlfield>
  <datafield tag="040" ind1=" " ind2=" ">
    <subfield code="a">ABA001</subfield>
    <subfield code="b">cze</subfield>
    <subfield code="e">rda</subfield>
  </datafield>
  <datafield tag="110" ind1="2" ind2=" ">
    <subfield code="a">Okresní archiv Chrudim</subfield>
    <subfield code="7">ko20201092246</subfield>
  </datafield>
  <datafield tag="368" ind1=" " ind2=" ">
    <subfield code="a">archivy</subfield>
  </datafield>
  <datafield tag="370" ind1=" " ind2=" ">
    <subfield code="c">Česko</subfield>
    <subfield code="e">Chrudim, Česko</subfield>
  </datafield>
  <datafield tag="372" ind1=" " ind2=" ">
    <subfield code="a">archivace dokumentů</subfield>
  </datafield>
  <datafield tag="377" ind1=" " ind2=" ">
    <subfield code="a">cze</subfield>
  </datafield>
  <datafield tag="410" ind1="1" ind2=" ">
    <subfield code="a">Chrudim (Česko : okres : 1949-1960).</subfield>
    <subfield code="b">Okresní archiv</subfield>
    <subfield code="0">o</subfield>
  </datafield>
  <datafield tag="410" ind1="1" ind2=" ">
    <subfield code="a">Chrudim (Česko : okres : 1960-).</subfield>
    <subfield code="b">Okresní archiv</subfield>
    <subfield code="0">o</subfield>
  </datafield>
  <datafield tag="510" ind1="2" ind2=" ">
    <subfield code="w">b</subfield>
    <subfield code="a">Státní okresní archiv Chrudim</subfield>
    <subfield code="7">ko2001100152</subfield>
  </datafield>
  <datafield tag="665" ind1=" " ind2=" ">
    <subfield code="a">Tento název se používal v letech 1955?-1992. Novější název: Státní okresní archiv Chrudim (od r. 1992).</subfield>
  </datafield>
  <datafield tag="670" ind1=" " ind2=" ">
    <subfield code="a">www (Porta fontium - Státní okresní archiv Chrudim), cit. 10.11. 2020</subfield>
    <subfield code="u">http://www.portafontium.cz/cbguide/soaz-cr</subfield>
  </datafield>
  <datafield tag="678" ind1=" " ind2=" ">
    <subfield code="a">Okresní archiv v Chrudimi vznikl v r.1955 (?) a současně byl sloučen s chrudimským městským archivem. V rámci celostátní územní reorganizace v r. 1960 byl sloučen s Okresním archivem v Hlinsku a městskými archivy v Luži, Nasavrkách, Ronově nad Doubravou a Skutčí. V r. 1992 se stal odborným zařízením okresního úřadu v Chrudimi a dostal do názvu přívlastek státní. Od r. 2002 je samostatnou organizační jednotkou Státního oblastního archivu v Zámrsku.</subfield>
  </datafield>
  <datafield tag="906" ind1=" " ind2=" ">
    <subfield code="a">br20201110</subfield>
    <subfield code="b">svsv</subfield>
  </datafield>
  <datafield tag="906" ind1=" " ind2=" ">
    <subfield code="a">op20201110</subfield>
    <subfield code="b">svsv</subfield>
    <subfield code="c">Viz - další výskyt; Viz též - nově; Komplexní poznámka - nově; URL - nově; Zdroj - další výskyt; Biografická poznámka - nově; Další info - nově; Související místo - nově; Oblast působení - nově; Jazyk - nově</subfield>
  </datafield>
</record>