

<record>
  <leader>     nz  a22     n  4500</leader>
  <controlfield tag="001">xx0253799</controlfield>
  <controlfield tag="003">CZ PrNK</controlfield>
  <controlfield tag="005">20201110143225.0</controlfield>
  <controlfield tag="008">201110|n|aznnnaabn           n a|a      </controlfield>
  <datafield tag="040" ind1=" " ind2=" ">
    <subfield code="a">LIA001</subfield>
    <subfield code="b">cze</subfield>
    <subfield code="d">ABA001</subfield>
    <subfield code="e">rda</subfield>
  </datafield>
  <datafield tag="110" ind1="2" ind2=" ">
    <subfield code="a">Deutsche Gesellenherberge (Ústí nad Labem, Česko)</subfield>
    <subfield code="7">xx0253799</subfield>
  </datafield>
  <datafield tag="368" ind1=" " ind2=" ">
    <subfield code="a">ubytovny</subfield>
  </datafield>
  <datafield tag="370" ind1=" " ind2=" ">
    <subfield code="c">Česko</subfield>
    <subfield code="e">Ústí nad Labem, Česko</subfield>
    <subfield code="f">Rakousko-Uhersko</subfield>
  </datafield>
  <datafield tag="372" ind1=" " ind2=" ">
    <subfield code="a">ubytovací zařízení</subfield>
    <subfield code="a">sociální pomoc</subfield>
    <subfield code="a">nouzové ubytování</subfield>
  </datafield>
  <datafield tag="377" ind1=" " ind2=" ">
    <subfield code="a">ger</subfield>
  </datafield>
  <datafield tag="410" ind1="2" ind2=" ">
    <subfield code="a">Německá tovaryšská ubytovna (Ústí nad Labem, Česko)</subfield>
    <subfield code="2">czecze</subfield>
    <subfield code="0">o</subfield>
  </datafield>
  <datafield tag="670" ind1=" " ind2=" ">
    <subfield code="a">Bericht des Gewerbe-Vereines in Aussig a.E. über seine Thätigkeit im Jahre 1894, 1895</subfield>
    <subfield code="b">autoritní forma, biografické údaje</subfield>
  </datafield>
  <datafield tag="675" ind1=" " ind2=" ">
    <subfield code="a">LC (Names), cit. 10. 11. 2020;</subfield>
    <subfield code="a">DNB, cit. 10. 11. 2020</subfield>
  </datafield>
  <datafield tag="678" ind1=" " ind2=" ">
    <subfield code="a">Tovaryšská ubytovna byla zřízena roku 1894 Živnostenským spolkem v Ústí nad Labem.</subfield>
  </datafield>
  <datafield tag="906" ind1=" " ind2=" ">
    <subfield code="a">za20201110</subfield>
    <subfield code="b">xhekor</subfield>
  </datafield>
  <datafield tag="906" ind1=" " ind2=" ">
    <subfield code="a">vr20201110</subfield>
    <subfield code="b">svsv</subfield>
  </datafield>
</record>