

<record>
  <leader>     nz  a22     n  4500</leader>
  <datafield tag="900" ind1=" " ind2=" ">
    <subfield code="a">N-NÁVRH-VP</subfield>
  </datafield>
  <controlfield tag="001">unn20201092262</controlfield>
  <controlfield tag="003">CZ PrNK</controlfield>
  <controlfield tag="005">20201110143112.0</controlfield>
  <controlfield tag="008">201110|n|acnnnaabn           n a|a      </controlfield>
  <datafield tag="040" ind1=" " ind2=" ">
    <subfield code="a">ABA001</subfield>
    <subfield code="b">cze</subfield>
  </datafield>
  <datafield tag="130" ind1=" " ind2="0">
    <subfield code="a">Göttinger Barfüsserretabel</subfield>
    <subfield code="7">unn20201092262</subfield>
  </datafield>
  <datafield tag="MOR" ind1=" " ind2=" ">
    <subfield code="a">Göttinger Barfüßerretabel</subfield>
    <subfield code="7">unn20201092262</subfield>
  </datafield>
  <datafield tag="430" ind1=" " ind2="0">
    <subfield code="a">Göttinger Barfüsseraltar</subfield>
    <subfield code="0">o</subfield>
  </datafield>
  <datafield tag="670" ind1=" " ind2=" ">
    <subfield code="a">Aman, Cornelia, ed. a Hartwieg, Babette, ed. Das Göttinger Barfüßerretabel von 1424: Akten des wissenschaftlichen Kolloquiums, Landesmuseum Hannover, 28.-30. September 2006: Ergebnisband des Restaurierungs- und Forschungsprojektes. Petersberg: Michael Imhof, 2015.</subfield>
  </datafield>
  <datafield tag="678" ind1=" " ind2=" ">
    <subfield code="a">Retábl z roku 1424 pocházející z kláštera františkánů v Göttingenu.</subfield>
  </datafield>
  <datafield tag="906" ind1=" " ind2=" ">
    <subfield code="a">za20201110</subfield>
    <subfield code="b">evko</subfield>
  </datafield>
</record>