

<record>
  <leader>     cz  a22     n  4500</leader>
  <controlfield tag="001">xx0253807</controlfield>
  <controlfield tag="003">CZ PrNK</controlfield>
  <controlfield tag="005">20201111062022.0</controlfield>
  <controlfield tag="008">201110|n|aznnnaabn           n a|a      </controlfield>
  <datafield tag="040" ind1=" " ind2=" ">
    <subfield code="a">ABH306</subfield>
    <subfield code="b">cze</subfield>
    <subfield code="d">ABA001</subfield>
    <subfield code="e">rda</subfield>
  </datafield>
  <datafield tag="046" ind1=" " ind2=" ">
    <subfield code="f">1594</subfield>
    <subfield code="g">1631</subfield>
  </datafield>
  <datafield tag="100" ind1="1" ind2=" ">
    <subfield code="a">&lt;&lt;z &gt;&gt;Pernštejna, Vratislav Eusebius,</subfield>
    <subfield code="d">1594-1631</subfield>
    <subfield code="7">xx0253807</subfield>
  </datafield>
  <datafield tag="MOR" ind1="0" ind2=" ">
    <subfield code="a">z Pernštejna, Jan Vratislav,</subfield>
    <subfield code="d">1594-1631</subfield>
    <subfield code="7">xx0253807</subfield>
  </datafield>
  <datafield tag="368" ind1=" " ind2=" ">
    <subfield code="d">Rittmeister</subfield>
    <subfield code="s">1624</subfield>
  </datafield>
  <datafield tag="370" ind1=" " ind2=" ">
    <subfield code="b">Tangermünde, Německo</subfield>
    <subfield code="c">Česko</subfield>
  </datafield>
  <datafield tag="372" ind1=" " ind2=" ">
    <subfield code="a">vojenství</subfield>
    <subfield code="a">válečnictví</subfield>
  </datafield>
  <datafield tag="374" ind1=" " ind2=" ">
    <subfield code="a">důstojníci</subfield>
  </datafield>
  <datafield tag="375" ind1=" " ind2=" ">
    <subfield code="a">muž</subfield>
  </datafield>
  <datafield tag="400" ind1="1" ind2=" ">
    <subfield code="a">&lt;&lt;z &gt;&gt;Pernštejna, Jan Vratislav,</subfield>
    <subfield code="d">1594-1631</subfield>
    <subfield code="0">o</subfield>
  </datafield>
  <datafield tag="400" ind1="1" ind2=" ">
    <subfield code="a">Pernstein, Wratislaw Eusebius von,</subfield>
    <subfield code="d">1594-1631</subfield>
    <subfield code="0">o</subfield>
  </datafield>
  <datafield tag="670" ind1=" " ind2=" ">
    <subfield code="a">Mašek, Petr: Šlechtické rody v Čechách, na Moravě a ve Slezsku od Bílé hory do současnosti, 2008-2010</subfield>
    <subfield code="b">odkaz viz, biografické údaje</subfield>
  </datafield>
  <datafield tag="670" ind1=" " ind2=" ">
    <subfield code="a">www(Wikipedie, otevřená encyklopedie), cit. 14. 7. 2020</subfield>
    <subfield code="b">autoritní forma, rok narození, úplné datum úmrtí, odkaz viz, biografické údaje</subfield>
    <subfield code="u">https://cs.wikipedia.org/wiki/Vratislav_Eusebius_z_Pernštejna</subfield>
  </datafield>
  <datafield tag="670" ind1=" " ind2=" ">
    <subfield code="a">www(Wikipedia, die freie Enzyklopädie), cit. 11. 11. 2020</subfield>
    <subfield code="b">odkaz viz, biografické údaje, pole 368</subfield>
    <subfield code="u">https://de.wikipedia.org/wiki/Vratislav_Eusebius_von_Pernstein</subfield>
  </datafield>
  <datafield tag="678" ind1="0" ind2=" ">
    <subfield code="a">Narozen 1594, zemřel 26. 7. 1631 v Tangermünde. Český šlechtic z rodu pánů z Pernštejna, jejich poslední mužský potomek, padl v bojích se Švédy.</subfield>
  </datafield>
  <datafield tag="906" ind1=" " ind2=" ">
    <subfield code="a">za20201110</subfield>
    <subfield code="b">xzdkr</subfield>
  </datafield>
  <datafield tag="906" ind1=" " ind2=" ">
    <subfield code="a">oz20201111</subfield>
    <subfield code="b">lisi</subfield>
    <subfield code="c">Záhlaví - formální oprava jména, změna na viz, viz - formální oprava jména, další výskyt, pole 368, 372, 374 - nově, zdroj - další výskyt</subfield>
  </datafield>
</record>