

<record>
  <leader>     nz  a22     n  4500</leader>
  <controlfield tag="001">xx0253811</controlfield>
  <controlfield tag="003">CZ PrNK</controlfield>
  <controlfield tag="005">20201111070306.0</controlfield>
  <controlfield tag="008">201110|n|aznnnaabn           n a|a      </controlfield>
  <datafield tag="040" ind1=" " ind2=" ">
    <subfield code="a">ABH306</subfield>
    <subfield code="b">cze</subfield>
    <subfield code="d">ABA001</subfield>
    <subfield code="e">rda</subfield>
  </datafield>
  <datafield tag="046" ind1=" " ind2=" ">
    <subfield code="f">1978</subfield>
  </datafield>
  <datafield tag="100" ind1="1" ind2=" ">
    <subfield code="a">Bodanská, Magda,</subfield>
    <subfield code="d">1978-</subfield>
    <subfield code="7">xx0253811</subfield>
  </datafield>
  <datafield tag="368" ind1=" " ind2=" ">
    <subfield code="d">BcA.</subfield>
  </datafield>
  <datafield tag="370" ind1=" " ind2=" ">
    <subfield code="c">Česko</subfield>
  </datafield>
  <datafield tag="372" ind1=" " ind2=" ">
    <subfield code="a">restaurátorství</subfield>
  </datafield>
  <datafield tag="374" ind1=" " ind2=" ">
    <subfield code="a">restaurátorky</subfield>
  </datafield>
  <datafield tag="375" ind1=" " ind2=" ">
    <subfield code="a">žena</subfield>
  </datafield>
  <datafield tag="377" ind1=" " ind2=" ">
    <subfield code="a">cze</subfield>
  </datafield>
  <datafield tag="400" ind1="1" ind2=" ">
    <subfield code="w">r</subfield>
    <subfield code="i">Rodné jméno:</subfield>
    <subfield code="a">Pichová, Magda,</subfield>
    <subfield code="d">1978-</subfield>
    <subfield code="0">o</subfield>
  </datafield>
  <datafield tag="667" ind1=" " ind2=" ">
    <subfield code="a">IČO(Registr ekonomických subjektů ČSÚ v ARES): 70819106.</subfield>
  </datafield>
  <datafield tag="667" ind1=" " ind2=" ">
    <subfield code="a">Restaurátorská licence: MK ČR 3328/2000.</subfield>
  </datafield>
  <datafield tag="670" ind1=" " ind2=" ">
    <subfield code="a">Bodanská, Magda - Bodanský, Miroslav: Restaurování nástěnné malby v kupoli baziliky Navštívení Panny Marie na sv. Kopečku u Olomouce. In: Sborník Národního památkového ústavu, územního odborného pracoviště v Olomouci. Roč. 2009, s. 142-154</subfield>
    <subfield code="b">autoritní forma</subfield>
  </datafield>
  <datafield tag="670" ind1=" " ind2=" ">
    <subfield code="a">www(Seznam osob s povolením Ministerstva kultury k restaurování kulturních památek), cit. 21. 7. 2020</subfield>
    <subfield code="b">biografické údaje, odkaz viz, pole 667</subfield>
  </datafield>
  <datafield tag="670" ind1=" " ind2=" ">
    <subfield code="a">www(Bibiografie dějin českých zemí), cit. 21. 7. 2020</subfield>
    <subfield code="b">biografické údaje</subfield>
  </datafield>
  <datafield tag="670" ind1=" " ind2=" ">
    <subfield code="a">www(Registr ekonomických subjektů ČSÚ v ARES), cit. 21. 7. 2020</subfield>
    <subfield code="b">titul, odkaz viz, biografické údaje</subfield>
  </datafield>
  <datafield tag="670" ind1=" " ind2=" ">
    <subfield code="a">www(Registr živnostenského podnikání), cit. 21. 7. 2020</subfield>
    <subfield code="b">úplné datum narození</subfield>
  </datafield>
  <datafield tag="678" ind1="0" ind2=" ">
    <subfield code="a">Narozena 5. 6. 1978. BcA., restaurátorka, zabývá se restaurováním uměleckořemeslných nefigurálních malířských děl a uměleckořemeslných nefifurálních sgrafit.</subfield>
  </datafield>
  <datafield tag="906" ind1=" " ind2=" ">
    <subfield code="a">za20201110</subfield>
    <subfield code="b">xzdkr</subfield>
  </datafield>
  <datafield tag="906" ind1=" " ind2=" ">
    <subfield code="a">fr20201111</subfield>
    <subfield code="b">lisi</subfield>
  </datafield>
</record>