

<record>
  <leader>     nz  a22     n  4500</leader>
  <controlfield tag="001">xx0253828</controlfield>
  <controlfield tag="003">CZ PrNK</controlfield>
  <controlfield tag="005">20201111070651.0</controlfield>
  <controlfield tag="008">201110|n|aznnnaabn           n a|a      </controlfield>
  <datafield tag="040" ind1=" " ind2=" ">
    <subfield code="a">ABH306</subfield>
    <subfield code="b">cze</subfield>
    <subfield code="d">ABA001</subfield>
    <subfield code="e">rda</subfield>
  </datafield>
  <datafield tag="046" ind1=" " ind2=" ">
    <subfield code="f">1957</subfield>
  </datafield>
  <datafield tag="100" ind1="1" ind2=" ">
    <subfield code="a">Skarolková, Eva,</subfield>
    <subfield code="d">1957-</subfield>
    <subfield code="7">xx0253828</subfield>
  </datafield>
  <datafield tag="368" ind1=" " ind2=" ">
    <subfield code="d">akad. mal.</subfield>
  </datafield>
  <datafield tag="370" ind1=" " ind2=" ">
    <subfield code="a">Hořice, Jičín, Česko</subfield>
    <subfield code="c">Česko</subfield>
    <subfield code="f">Radotín, Praha, Česko</subfield>
  </datafield>
  <datafield tag="372" ind1=" " ind2=" ">
    <subfield code="a">malířství</subfield>
    <subfield code="a">restaurátorství</subfield>
  </datafield>
  <datafield tag="374" ind1=" " ind2=" ">
    <subfield code="a">malířství</subfield>
    <subfield code="a">restaurátorství</subfield>
  </datafield>
  <datafield tag="375" ind1=" " ind2=" ">
    <subfield code="a">muž</subfield>
  </datafield>
  <datafield tag="377" ind1=" " ind2=" ">
    <subfield code="a">cze</subfield>
  </datafield>
  <datafield tag="400" ind1="1" ind2=" ">
    <subfield code="a">Skarolková Stuchlíková, Eva,</subfield>
    <subfield code="d">1957-</subfield>
    <subfield code="0">o</subfield>
  </datafield>
  <datafield tag="667" ind1=" " ind2=" ">
    <subfield code="a">IČO(Registr ekonomických subjektů ČSÚ v ARES): 65444477.</subfield>
  </datafield>
  <datafield tag="667" ind1=" " ind2=" ">
    <subfield code="a">Restaurátorská licence: MK ČR 5687/91.</subfield>
  </datafield>
  <datafield tag="670" ind1=" " ind2=" ">
    <subfield code="a">Skarolková, Eva: Restaurátorská zpráva: Restaurování Madony z Vysokého Mýta kostel sv. Vavřince, 2017</subfield>
    <subfield code="b">autoritní forma</subfield>
  </datafield>
  <datafield tag="670" ind1=" " ind2=" ">
    <subfield code="a">www(Seznam osob s povolením Ministerstva kultury k restaurování kulturních památek), cit. 22. 9. 2020</subfield>
    <subfield code="b">titul, odkaz viz, pole 372, 374, 667, biografické údaje</subfield>
  </datafield>
  <datafield tag="670" ind1=" " ind2=" ">
    <subfield code="a">www(Informační systém abART), cit. 22. 9. 2020</subfield>
    <subfield code="b">úplné datum a místo narození, národnost, odkaz viz, pole 372, 374, 375</subfield>
  </datafield>
  <datafield tag="670" ind1=" " ind2=" ">
    <subfield code="a">www(Registr ekonomických subjektů ČSÚ v ARES), cit. 10. 11. 2020</subfield>
    <subfield code="b">titul, související místo, pole 667</subfield>
  </datafield>
  <datafield tag="678" ind1="0" ind2=" ">
    <subfield code="a">Narozena 26. 11. 1957 v Hořicích. Restaurátorka, akademická malířka. Zabývá se restaurováním malířských uměleckých děl, polychromovaných sochařských děl a sgrafit.</subfield>
  </datafield>
  <datafield tag="906" ind1=" " ind2=" ">
    <subfield code="a">za20201110</subfield>
    <subfield code="b">xzdkr</subfield>
  </datafield>
  <datafield tag="906" ind1=" " ind2=" ">
    <subfield code="a">fr20201111</subfield>
    <subfield code="b">lisi</subfield>
  </datafield>
</record>