

<record>
  <leader>     nz  a22     n  4500</leader>
  <controlfield tag="001">xx0253829</controlfield>
  <controlfield tag="003">CZ PrNK</controlfield>
  <controlfield tag="005">20201111070809.0</controlfield>
  <controlfield tag="008">201110|n|aznnnaabn           n a|a      </controlfield>
  <datafield tag="040" ind1=" " ind2=" ">
    <subfield code="a">ABH306</subfield>
    <subfield code="b">cze</subfield>
    <subfield code="d">ABA001</subfield>
    <subfield code="e">rda</subfield>
  </datafield>
  <datafield tag="046" ind1=" " ind2=" ">
    <subfield code="f">1975</subfield>
  </datafield>
  <datafield tag="100" ind1="1" ind2=" ">
    <subfield code="a">Šmahel, Zdeněk,</subfield>
    <subfield code="d">1975-</subfield>
    <subfield code="7">xx0253829</subfield>
  </datafield>
  <datafield tag="368" ind1=" " ind2=" ">
    <subfield code="d">BcA.</subfield>
  </datafield>
  <datafield tag="370" ind1=" " ind2=" ">
    <subfield code="a">Vrchlabí, Česko</subfield>
    <subfield code="c">Česko</subfield>
    <subfield code="f">Chrudim, Česko</subfield>
  </datafield>
  <datafield tag="372" ind1=" " ind2=" ">
    <subfield code="a">restaurátorství</subfield>
  </datafield>
  <datafield tag="374" ind1=" " ind2=" ">
    <subfield code="a">restaurátoři</subfield>
  </datafield>
  <datafield tag="375" ind1=" " ind2=" ">
    <subfield code="a">muž</subfield>
  </datafield>
  <datafield tag="377" ind1=" " ind2=" ">
    <subfield code="a">cze</subfield>
  </datafield>
  <datafield tag="667" ind1=" " ind2=" ">
    <subfield code="a">Restaurátorské licence: MK ČR 7131/96, MK ČR 33919/17.</subfield>
  </datafield>
  <datafield tag="667" ind1=" " ind2=" ">
    <subfield code="a">IČO (Živnostenský rejstřík): 65704771.</subfield>
  </datafield>
  <datafield tag="670" ind1=" " ind2=" ">
    <subfield code="a">Šmahel, Zdeněk: Restaurátorská zpráva: Pardubice Příhrádek čp. 6 - 8 restaurování kamenný portál věžové brány od Příhrádku, kamenný portál věžové brány od zámku, sedlový pískovcový portál zazděných dveří z vnitřního prostoru věžové brány, 2019</subfield>
    <subfield code="b">autoritní forma</subfield>
  </datafield>
  <datafield tag="670" ind1=" " ind2=" ">
    <subfield code="a">www(osobní stránka), cit. 3. 8. 2020</subfield>
    <subfield code="b">datum narození, místo narození, související místo, biografické údaje, pole 372, 374</subfield>
    <subfield code="u">http://www.bingi75.eu</subfield>
  </datafield>
  <datafield tag="670" ind1=" " ind2=" ">
    <subfield code="a">www(Registr živnostenského podnikání), cit. 3. 8. 2020</subfield>
    <subfield code="b">úplné datum narození, biografické údaje, pole 667</subfield>
  </datafield>
  <datafield tag="670" ind1=" " ind2=" ">
    <subfield code="a">www(Seznam osob s povolením Ministerstva kultury k restaurování kulturních památek), cit. 3. 8. 2020</subfield>
    <subfield code="b">biografické údaje, pole 667</subfield>
  </datafield>
  <datafield tag="678" ind1="0" ind2=" ">
    <subfield code="a">Narozen 5. 5. 1975. BcA., restaurátor, zabývá se restaurováním uměleckořemeslných nepolychromovaných děl z kamene a štuku a restaurováním nepolychromovaných sochařských uměleckých děl z kamene.</subfield>
  </datafield>
  <datafield tag="906" ind1=" " ind2=" ">
    <subfield code="a">za20201110</subfield>
    <subfield code="b">xzdkr</subfield>
  </datafield>
  <datafield tag="906" ind1=" " ind2=" ">
    <subfield code="a">fr20201111</subfield>
    <subfield code="b">lisi</subfield>
  </datafield>
</record>