

<record>
  <leader>     nz  a22     n  4500</leader>
  <controlfield tag="001">ko20201092310</controlfield>
  <controlfield tag="003">CZ PrNK</controlfield>
  <controlfield tag="005">20201110171939.0</controlfield>
  <controlfield tag="008">201110|n|aznnnaabn           n a|a      </controlfield>
  <datafield tag="040" ind1=" " ind2=" ">
    <subfield code="a">ABA001</subfield>
    <subfield code="b">cze</subfield>
    <subfield code="e">rda</subfield>
  </datafield>
  <datafield tag="110" ind1="2" ind2=" ">
    <subfield code="a">První pražský spolek vojenských vysloužilců</subfield>
    <subfield code="7">ko20201092310</subfield>
  </datafield>
  <datafield tag="368" ind1=" " ind2=" ">
    <subfield code="a">spolky</subfield>
  </datafield>
  <datafield tag="370" ind1=" " ind2=" ">
    <subfield code="c">Česko</subfield>
    <subfield code="e">Praha, Česko</subfield>
    <subfield code="f">Rakousko-Uhersko</subfield>
  </datafield>
  <datafield tag="372" ind1=" " ind2=" ">
    <subfield code="a">váleční veteráni</subfield>
    <subfield code="a">vojáci</subfield>
  </datafield>
  <datafield tag="377" ind1=" " ind2=" ">
    <subfield code="a">ger</subfield>
    <subfield code="a">cze</subfield>
  </datafield>
  <datafield tag="410" ind1="2" ind2=" ">
    <subfield code="a">I. pražský spolek vojenských vysloužilců</subfield>
    <subfield code="0">o</subfield>
  </datafield>
  <datafield tag="410" ind1="2" ind2=" ">
    <subfield code="a">První pražský spolek vojenských vysloužilců Arcivévody korunního prince Rudolfa</subfield>
    <subfield code="0">o</subfield>
  </datafield>
  <datafield tag="410" ind1="2" ind2=" ">
    <subfield code="a">I. pražský spolek vojenských vysloužilců Arcivévody korunního prince Rudolfa</subfield>
    <subfield code="0">o</subfield>
  </datafield>
  <datafield tag="410" ind1="2" ind2=" ">
    <subfield code="a">I. pražský spolek vojenských vysloužilců Arcivévody Františka Ferdinanda z Rakous-Este</subfield>
    <subfield code="0">o</subfield>
  </datafield>
  <datafield tag="410" ind1="2" ind2=" ">
    <subfield code="a">První pražský spolek vojenských vysloužilců Arcivévody Františka Ferdinanda z Rakous-Este</subfield>
    <subfield code="0">o</subfield>
  </datafield>
  <datafield tag="410" ind1="2" ind2=" ">
    <subfield code="a">Pražský spolek vojenských vysloužilců, I.</subfield>
    <subfield code="0">o</subfield>
  </datafield>
  <datafield tag="410" ind1="2" ind2=" ">
    <subfield code="a">Erster Prager Militär-Veteranen-Verein</subfield>
    <subfield code="2">czeger</subfield>
    <subfield code="0">o</subfield>
  </datafield>
  <datafield tag="410" ind1="2" ind2=" ">
    <subfield code="a">I. Prager Militär-Veteranen-Verein</subfield>
    <subfield code="2">czeger</subfield>
    <subfield code="0">o</subfield>
  </datafield>
  <datafield tag="410" ind1="2" ind2=" ">
    <subfield code="a">Erster Prager Militär-Veteranen-Verein unter dem Protectorate Herrn Kronprinzen Erzherzog Rudolf</subfield>
    <subfield code="2">czeger</subfield>
    <subfield code="0">o</subfield>
  </datafield>
  <datafield tag="410" ind1="2" ind2=" ">
    <subfield code="a">I. Prager Militär-Veteranen-Verein unter dem Protectorate Herrn Kronprinzen Erzherzog Rudolf</subfield>
    <subfield code="2">czeger</subfield>
    <subfield code="0">o</subfield>
  </datafield>
  <datafield tag="410" ind1="2" ind2=" ">
    <subfield code="a">I. Prager Militär-Veteranen-Verein des Erzherzog Franz-Ferdinand von Oesterreich-Este</subfield>
    <subfield code="2">czeger</subfield>
    <subfield code="0">o</subfield>
  </datafield>
  <datafield tag="410" ind1="2" ind2=" ">
    <subfield code="a">Erster Prager Militär-Veteranen-Verein des Erzherzog Franz-Ferdinand von Oesterreich-Este</subfield>
    <subfield code="2">czeger</subfield>
    <subfield code="0">o</subfield>
  </datafield>
  <datafield tag="670" ind1=" " ind2=" ">
    <subfield code="a">Výroční zpráva a závěrek účtů I. pražského spolku vojenských vysloužilců, jehož ochráncem jest Jeho císařská Výsost pan arcivévoda korunní princ Rudolf</subfield>
  </datafield>
  <datafield tag="670" ind1=" " ind2=" ">
    <subfield code="a">Výroční zpráva a závěrečné účty Arcivévody Františka Ferdinanda z Rakous-Este Prvého pražského spolku vojenských vysloužilců</subfield>
  </datafield>
  <datafield tag="678" ind1=" " ind2=" ">
    <subfield code="a">Spolek byl založen r. 1869. Jeho rozšířený název (se jménem patrona spolku) byl v r. 1889 změněn kvůli úmrtí prince Rudolfa..</subfield>
  </datafield>
  <datafield tag="906" ind1=" " ind2=" ">
    <subfield code="a">br20201110</subfield>
    <subfield code="b">svsv</subfield>
  </datafield>
</record>