

<record>
  <leader>     nz  a22     n  4500</leader>
  <datafield tag="900" ind1=" " ind2=" ">
    <subfield code="a">J-NÁVRH-STT</subfield>
  </datafield>
  <controlfield tag="001">ntk20201092315</controlfield>
  <controlfield tag="003">CZ PrNK</controlfield>
  <controlfield tag="005">20201113222406.0</controlfield>
  <controlfield tag="008">201110|n|aznnnaabn           n a|a      </controlfield>
  <datafield tag="024" ind1="7" ind2=" ">
    <subfield code="a">Q70832</subfield>
    <subfield code="2">wikidata</subfield>
  </datafield>
  <datafield tag="040" ind1=" " ind2=" ">
    <subfield code="a">ABA013</subfield>
    <subfield code="b">cze</subfield>
    <subfield code="e">rda</subfield>
  </datafield>
  <datafield tag="046" ind1=" " ind2=" ">
    <subfield code="f">1619</subfield>
    <subfield code="g">1684</subfield>
  </datafield>
  <datafield tag="100" ind1="1" ind2=" ">
    <subfield code="a">Ampringen, Johann Caspar von,</subfield>
    <subfield code="d">1619-1684</subfield>
    <subfield code="7">ntk20201092315</subfield>
  </datafield>
  <datafield tag="368" ind1=" " ind2=" ">
    <subfield code="d">OT</subfield>
    <subfield code="s">1646</subfield>
    <subfield code="t">1684</subfield>
  </datafield>
  <datafield tag="368" ind1=" " ind2=" ">
    <subfield code="d">Hochmeister des Deutschen Ordens</subfield>
    <subfield code="s">1664</subfield>
    <subfield code="t">1684</subfield>
  </datafield>
  <datafield tag="368" ind1=" " ind2=" ">
    <subfield code="d">Herzog von Freudenthal</subfield>
    <subfield code="s">1682</subfield>
    <subfield code="t">1684</subfield>
  </datafield>
  <datafield tag="368" ind1=" " ind2=" ">
    <subfield code="d">Oberlandeshauptmann von Schlesien</subfield>
    <subfield code="s">1682</subfield>
    <subfield code="t">1684</subfield>
  </datafield>
  <datafield tag="370" ind1=" " ind2=" ">
    <subfield code="b">Vratislav, Polsko</subfield>
    <subfield code="c">Německo</subfield>
    <subfield code="f">Würzburg, Německo</subfield>
    <subfield code="f">Slezsko</subfield>
    <subfield code="f">Bruntál, Česko</subfield>
    <subfield code="f">Eulenberg, Německo</subfield>
  </datafield>
  <datafield tag="372" ind1=" " ind2=" ">
    <subfield code="a">katolická církev</subfield>
    <subfield code="a">vojenství</subfield>
    <subfield code="a">rytířské řeholní řády</subfield>
    <subfield code="a">státní správa</subfield>
    <subfield code="a">politika</subfield>
  </datafield>
  <datafield tag="373" ind1=" " ind2=" ">
    <subfield code="a">Jeruzalémští bratři</subfield>
    <subfield code="s">1646</subfield>
    <subfield code="t">1684</subfield>
  </datafield>
  <datafield tag="374" ind1=" " ind2=" ">
    <subfield code="a">šlechtici</subfield>
    <subfield code="a">vévodové</subfield>
    <subfield code="a">vojenští velitelé</subfield>
    <subfield code="a">řádoví rytíři</subfield>
    <subfield code="a">politici</subfield>
    <subfield code="a">zemští hejtmani</subfield>
  </datafield>
  <datafield tag="375" ind1=" " ind2=" ">
    <subfield code="a">muž</subfield>
  </datafield>
  <datafield tag="377" ind1=" " ind2=" ">
    <subfield code="a">ger</subfield>
    <subfield code="a">lat</subfield>
  </datafield>
  <datafield tag="400" ind1="1" ind2=" ">
    <subfield code="a">Ampringen, Johann Kaspar von,</subfield>
    <subfield code="d">1619-1684</subfield>
    <subfield code="0">o</subfield>
  </datafield>
  <datafield tag="400" ind1="1" ind2=" ">
    <subfield code="a">Ampringen, Joannes Casparus de,</subfield>
    <subfield code="d">1619-1684</subfield>
    <subfield code="0">o</subfield>
  </datafield>
  <datafield tag="400" ind1="1" ind2=" ">
    <subfield code="a">Ampringen, Giovanni Gasparo,</subfield>
    <subfield code="d">1619-1684</subfield>
    <subfield code="0">o</subfield>
  </datafield>
  <datafield tag="400" ind1="1" ind2=" ">
    <subfield code="a">Ampringen, Giovanni Casparus,</subfield>
    <subfield code="d">1619-1684</subfield>
    <subfield code="0">o</subfield>
  </datafield>
  <datafield tag="400" ind1="1" ind2=" ">
    <subfield code="a">Casparus, Johannes,</subfield>
    <subfield code="d">1619-1684</subfield>
    <subfield code="0">o</subfield>
  </datafield>
  <datafield tag="400" ind1="1" ind2=" ">
    <subfield code="a">Casparus von Freudenthal und Eulenberg, Johannes,</subfield>
    <subfield code="d">1619-1684</subfield>
    <subfield code="0">o</subfield>
  </datafield>
  <datafield tag="400" ind1="1" ind2=" ">
    <subfield code="a">Freudenthal und Eulenberg, Johannes Casparus von,</subfield>
    <subfield code="d">1619-1684</subfield>
    <subfield code="0">o</subfield>
  </datafield>
  <datafield tag="400" ind1="1" ind2=" ">
    <subfield code="a">Freudenthal und Eulenberg, Johann Kaspar zu,</subfield>
    <subfield code="d">1619-1684</subfield>
    <subfield code="0">o</subfield>
  </datafield>
  <datafield tag="400" ind1="1" ind2=" ">
    <subfield code="a">Freudental et Eulenberg, Joannes Casparus in,</subfield>
    <subfield code="d">1619-1684</subfield>
    <subfield code="0">o</subfield>
  </datafield>
  <datafield tag="400" ind1="1" ind2=" ">
    <subfield code="a">Eulenberg, Johannes Casparus von Freudenthal und,</subfield>
    <subfield code="d">1619-1684</subfield>
    <subfield code="0">o</subfield>
  </datafield>
  <datafield tag="400" ind1="1" ind2=" ">
    <subfield code="a">Eulenberg, Johannes Caspar zu Freudenthal,</subfield>
    <subfield code="d">1619-1684</subfield>
    <subfield code="0">o</subfield>
  </datafield>
  <datafield tag="400" ind1="1" ind2=" ">
    <subfield code="a">Eulenberg, Johann Kaspar zu Freudenthal,</subfield>
    <subfield code="d">1619-1684</subfield>
    <subfield code="0">o</subfield>
  </datafield>
  <datafield tag="400" ind1="1" ind2=" ">
    <subfield code="a">Eulenberg, Johannes Kaspar zu Freudenthal,</subfield>
    <subfield code="d">1619-1684</subfield>
    <subfield code="0">o</subfield>
  </datafield>
  <datafield tag="667" ind1=" " ind2=" ">
    <subfield code="a">http://d-nb.info/gnd/116302380.</subfield>
  </datafield>
  <datafield tag="667" ind1=" " ind2=" ">
    <subfield code="a">DNB vede pravděpodobně další duplicitní autoritní záznam na popisovanou osobu „Casparus, Johanes“ (http://d-nb.info/gnd/1050471903).</subfield>
  </datafield>
  <datafield tag="670" ind1=" " ind2=" ">
    <subfield code="a">ORGANUM MATHEMATICUM LIBRIS IX EXPLICATUM à P. GASPARE SCHOTTO, ... HERBIPOLI: Sumptibus JOHANNIS ANDREÆ ENDTERI, &amp; WOLFGANGI Jun. Hæredum, Excudebat JOBUS HERTZ, Typographus Herbipol, 1668. [Dedikace]: ... D. JOANNI CASPARO , GENERALI MILITIÆ HIEROSOLYMITANÆ, ORDINIS B. MARIÆ TEUTONICORUM PRUSSIÆ ADMINISTRATORI, ...</subfield>
    <subfield code="b">odkaz viz</subfield>
    <subfield code="u">http://digital.slub-dresden.de/ppn274819260</subfield>
  </datafield>
  <datafield tag="670" ind1=" " ind2=" ">
    <subfield code="a">DNB, cit. 10. 11. 2020</subfield>
    <subfield code="b">autoritní forma, odkazy viz, datum narození a datum a místo úmrtí</subfield>
    <subfield code="u">http://d-nb.info/gnd/116302380</subfield>
  </datafield>
  <datafield tag="670" ind1=" " ind2=" ">
    <subfield code="a">www(Wikipedia, die freie Enzyklopädie), cit. 10. 11. 2020</subfield>
    <subfield code="b">národnost, biografické a profesní údaje</subfield>
    <subfield code="u">https://de.wikipedia.org/wiki/Johann_Caspar_von_Ampringen</subfield>
  </datafield>
  <datafield tag="678" ind1="0" ind2=" ">
    <subfield code="a">Německý šlechtic, vojenský vůdce, člen Řádu německých rytířů od r. 1646, v letech 1664-1684 byl v roli jeho Velmistra. V r. 1682 byl jmenován vrchním hejtmanem Slezska a knížetem bruntálským. V knihách 17. století bývá uváděn také v roli dedikanta.</subfield>
  </datafield>
  <datafield tag="856" ind1="4" ind2="2">
    <subfield code="u">https://de.wikipedia.org/wiki/Johann_Caspar_von_Ampringe</subfield>
    <subfield code="4">N</subfield>
  </datafield>
  <datafield tag="906" ind1=" " ind2=" ">
    <subfield code="a">za20201110</subfield>
    <subfield code="b">evbr</subfield>
  </datafield>
  <datafield tag="906" ind1=" " ind2=" ">
    <subfield code="a">ko20201113</subfield>
    <subfield code="b">evbr</subfield>
  </datafield>
</record>