

<record>
  <leader>     cz  a22     n  4500</leader>
  <controlfield tag="001">ko20201092316</controlfield>
  <controlfield tag="003">CZ PrNK</controlfield>
  <controlfield tag="005">20201111080032.0</controlfield>
  <controlfield tag="008">201110|n|aznnnaabn           n a|a      </controlfield>
  <datafield tag="040" ind1=" " ind2=" ">
    <subfield code="a">ABA001</subfield>
    <subfield code="b">cze</subfield>
    <subfield code="d">ABA001</subfield>
    <subfield code="e">rda</subfield>
  </datafield>
  <datafield tag="110" ind1="2" ind2=" ">
    <subfield code="a">Matḥaf Qaṭar al-Waṭanī</subfield>
    <subfield code="7">ko20201092316</subfield>
  </datafield>
  <datafield tag="MOR" ind1="1" ind2=" ">
    <subfield code="a">National Museum of Qatar</subfield>
    <subfield code="7">ko20201092316</subfield>
  </datafield>
  <datafield tag="368" ind1=" " ind2=" ">
    <subfield code="a">národní muzea</subfield>
    <subfield code="a">muzea</subfield>
  </datafield>
  <datafield tag="370" ind1=" " ind2=" ">
    <subfield code="c">Katar</subfield>
    <subfield code="e">Dauhá, Katar</subfield>
  </datafield>
  <datafield tag="372" ind1=" " ind2=" ">
    <subfield code="a">muzejnictví</subfield>
  </datafield>
  <datafield tag="377" ind1=" " ind2=" ">
    <subfield code="a">ara</subfield>
    <subfield code="a">eng</subfield>
  </datafield>
  <datafield tag="410" ind1="2" ind2=" ">
    <subfield code="a">National Museum of Qatar</subfield>
    <subfield code="2">czeeng</subfield>
    <subfield code="0">o</subfield>
  </datafield>
  <datafield tag="410" ind1="2" ind2=" ">
    <subfield code="a">Qatar National Museum</subfield>
    <subfield code="2">czeeng</subfield>
    <subfield code="0">o</subfield>
  </datafield>
  <datafield tag="410" ind1="2" ind2=" ">
    <subfield code="a">QNM</subfield>
    <subfield code="0">o</subfield>
  </datafield>
  <datafield tag="670" ind1=" " ind2=" ">
    <subfield code="a">Philip Jodidio ; photography by Iwan Baan, Khalifa Al Obaidly: National Museum of Qatar</subfield>
  </datafield>
  <datafield tag="670" ind1=" " ind2=" ">
    <subfield code="a">LC (Names), cit. 11.11. 2020</subfield>
    <subfield code="b">autoritní forma; odkazy viz</subfield>
  </datafield>
  <datafield tag="670" ind1=" " ind2=" ">
    <subfield code="a">www(Wikipedia, the free encyclopedia), cit. 11.11. 2020</subfield>
    <subfield code="b">odkaz viz: National Museum of Qatar</subfield>
    <subfield code="u">https://en.wikipedia.org/wiki/National_Museum_of_Qatar</subfield>
  </datafield>
  <datafield tag="906" ind1=" " ind2=" ">
    <subfield code="a">za20201110</subfield>
    <subfield code="b">evko</subfield>
  </datafield>
  <datafield tag="906" ind1=" " ind2=" ">
    <subfield code="a">oz20201111</subfield>
    <subfield code="b">svsv</subfield>
    <subfield code="c">Záhlaví - oprava; Viz - nově; URL - nově; Zdroj - další výskyt; Další info - nově; Související místo - nově; Oblast působení - nově; Jazyk - nově</subfield>
  </datafield>
</record>