

<record>
  <leader>     cz  a22     n  4500</leader>
  <controlfield tag="001">mub20201092320</controlfield>
  <controlfield tag="003">CZ PrNK</controlfield>
  <controlfield tag="005">20201111173831.0</controlfield>
  <controlfield tag="008">201110|n|aznnnaabn           n a|a      </controlfield>
  <datafield tag="040" ind1=" " ind2=" ">
    <subfield code="a">BOD003</subfield>
    <subfield code="b">cze</subfield>
    <subfield code="d">ABA001</subfield>
    <subfield code="e">rda</subfield>
  </datafield>
  <datafield tag="100" ind1="1" ind2=" ">
    <subfield code="a">Sauerländer, Brigitte</subfield>
    <subfield code="7">mub20201092320</subfield>
  </datafield>
  <datafield tag="MOR" ind1="0" ind2=" ">
    <subfield code="a">Sauerländer, Brigitte,</subfield>
    <subfield code="d">1928-2014</subfield>
    <subfield code="7">mub20201092320</subfield>
  </datafield>
  <datafield tag="370" ind1=" " ind2=" ">
    <subfield code="c">Německo</subfield>
  </datafield>
  <datafield tag="372" ind1=" " ind2=" ">
    <subfield code="a">dějiny umění</subfield>
    <subfield code="a">překlady do němčiny</subfield>
    <subfield code="a">překlady z angličtiny</subfield>
    <subfield code="a">překlady z francouzštiny</subfield>
  </datafield>
  <datafield tag="374" ind1=" " ind2=" ">
    <subfield code="a">historičky umění</subfield>
    <subfield code="a">překladatelky</subfield>
    <subfield code="a">editorky</subfield>
  </datafield>
  <datafield tag="375" ind1=" " ind2=" ">
    <subfield code="a">žena</subfield>
  </datafield>
  <datafield tag="377" ind1=" " ind2=" ">
    <subfield code="a">ger</subfield>
  </datafield>
  <datafield tag="670" ind1=" " ind2=" ">
    <subfield code="a">Baxandall, Michael: Die Kunst der Bildschnitzer : Tilman Riemenschneider, Veit Stoß und ihre Zeitgenossen (aus dem Englischen übertragen von Brigitte Sauerländer), 1996</subfield>
  </datafield>
  <datafield tag="670" ind1=" " ind2=" ">
    <subfield code="a">DNB (Opac), cit. 10. 11. 2020</subfield>
    <subfield code="b">autoritní forma</subfield>
  </datafield>
  <datafield tag="670" ind1=" " ind2=" ">
    <subfield code="a">BNF, cit. 10. 11. 2020</subfield>
    <subfield code="b">biografické údaje, národnost</subfield>
  </datafield>
  <datafield tag="678" ind1="0" ind2=" ">
    <subfield code="a">Německá historička umění, též překladatelka odborných textů z angličtiny.</subfield>
  </datafield>
  <datafield tag="906" ind1=" " ind2=" ">
    <subfield code="a">za20201110</subfield>
    <subfield code="b">krekovax</subfield>
  </datafield>
  <datafield tag="906" ind1=" " ind2=" ">
    <subfield code="a">ko20201111</subfield>
    <subfield code="b">pospel</subfield>
    <subfield code="c">Zdroj - oprava</subfield>
  </datafield>
  <datafield tag="906" ind1=" " ind2=" ">
    <subfield code="a">oz20201111</subfield>
    <subfield code="b">maku</subfield>
    <subfield code="c">Záhlaví - data - odstraněna, zdroj - odstraněn</subfield>
  </datafield>
</record>