

<record>
  <leader>     nz  a22     n  4500</leader>
  <datafield tag="900" ind1=" " ind2=" ">
    <subfield code="a">J-NÁVRH-STT</subfield>
  </datafield>
  <controlfield tag="001">ntk20201092334</controlfield>
  <controlfield tag="003">CZ PrNK</controlfield>
  <controlfield tag="005">20201111153423.0</controlfield>
  <controlfield tag="008">201110|n|aznnnaabn           n a|a      </controlfield>
  <datafield tag="040" ind1=" " ind2=" ">
    <subfield code="a">ABA013</subfield>
    <subfield code="b">cze</subfield>
    <subfield code="e">rda</subfield>
  </datafield>
  <datafield tag="046" ind1=" " ind2=" ">
    <subfield code="s">1668</subfield>
  </datafield>
  <datafield tag="100" ind1="1" ind2=" ">
    <subfield code="a">Baptista, Joan,</subfield>
    <subfield code="d">činný 1668</subfield>
    <subfield code="7">ntk20201092334</subfield>
  </datafield>
  <datafield tag="370" ind1=" " ind2=" ">
    <subfield code="c">Německo</subfield>
  </datafield>
  <datafield tag="372" ind1=" " ind2=" ">
    <subfield code="a">výtvarné umění</subfield>
    <subfield code="a">obrazy</subfield>
    <subfield code="a">portréty</subfield>
    <subfield code="a">portrétní grafika</subfield>
    <subfield code="a">knižní ilustrace</subfield>
  </datafield>
  <datafield tag="374" ind1=" " ind2=" ">
    <subfield code="a">výtvarní umělci</subfield>
    <subfield code="a">malíři</subfield>
    <subfield code="a">portrétisté</subfield>
    <subfield code="a">ilustrátoři</subfield>
  </datafield>
  <datafield tag="377" ind1=" " ind2=" ">
    <subfield code="a">lat</subfield>
  </datafield>
  <datafield tag="400" ind1="0" ind2=" ">
    <subfield code="a">Joan Baptista,</subfield>
    <subfield code="d">činný 1668</subfield>
    <subfield code="0">o</subfield>
  </datafield>
  <datafield tag="667" ind1=" " ind2=" ">
    <subfield code="a">http://d-nb.info/gnd/1052841694.</subfield>
  </datafield>
  <datafield tag="667" ind1=" " ind2=" ">
    <subfield code="a">Pro popisovaného malíře je obtížné identifikovat autoritní záznam v DNB. Nejvíce relevantní se zdá být záznam "Baptista, Joan" (http://d-nb.info/gnd/1052841694), ale je identifikačně slabý a problémový zejména v údaji o dataci. Podpis pod citovaným obrazem je zřetelný, ale není jasné, nejde-li náhodou o pseudonym a jaká je vlastně struktura jména. VD17 navíc z bibliografického záznamu (VD17 12:196964H) odkazuje pouze do rejstříku jmenného a nabízí jako možnost jméno "Evangelisti, Giovanni Battista" (1589-1605) - tedy osobu starší o ca 80 let (irelevantní).</subfield>
  </datafield>
  <datafield tag="670" ind1=" " ind2=" ">
    <subfield code="a">ORGANUM MATHEMATICUM LIBRIS IX EXPLICATUM à P. GASPARE SCHOTTO, ... HERBIPOLI: Sumptibus JOHANNIS ANDREÆ ENDTERI, &amp; WOLFGANGI Jun. Hæredum, Excudebat JOBUS HERTZ, Typographus Herbipol, 1668. [Frontispis, portrét Johanna Caspara von Ampringen]: Joan Baptista, del:</subfield>
    <subfield code="b">autoritní forma, odkaz viz, datum činnosti, profese</subfield>
    <subfield code="u">http://digital.slub-dresden.de/ppn274819260</subfield>
  </datafield>
  <datafield tag="670" ind1=" " ind2=" ">
    <subfield code="a">www(Wikimedia, Johann Caspar von Ampringen ... [portrét]), cit. 10. 11. 2020</subfield>
    <subfield code="b">jméno malíře a datum publikování obrazu (forma rytiny)</subfield>
    <subfield code="u">https://commons.wikimedia.org/wiki/File:Johann_Caspar_von_Ampringen_war_Hochmeister_des_Deutschen_Ordens.jpg</subfield>
  </datafield>
  <datafield tag="678" ind1="0" ind2=" ">
    <subfield code="a">Německý malíř, autor portrétu šlechtice a Velmistra Řádu německých rytířů Johanna Caspara von Ampringena (1619-1684), publikovaného v r. 1668 ve Würzburgu.</subfield>
  </datafield>
  <datafield tag="906" ind1=" " ind2=" ">
    <subfield code="a">za20201110</subfield>
    <subfield code="b">evbr</subfield>
  </datafield>
  <datafield tag="906" ind1=" " ind2=" ">
    <subfield code="a">ko20201110</subfield>
    <subfield code="b">evbr</subfield>
  </datafield>
</record>