

<record>
  <leader>     nz  a22     n  4500</leader>
  <datafield tag="900" ind1=" " ind2=" ">
    <subfield code="a">*K-NÁVRH</subfield>
  </datafield>
  <controlfield tag="001">olak20201092356</controlfield>
  <controlfield tag="003">CZ PrNK</controlfield>
  <controlfield tag="005">20201111074340.0</controlfield>
  <controlfield tag="008">201111|n|aznnnaabn           n a|a      </controlfield>
  <datafield tag="040" ind1=" " ind2=" ">
    <subfield code="a">OLA001</subfield>
    <subfield code="b">cze</subfield>
    <subfield code="e">rda</subfield>
  </datafield>
  <datafield tag="111" ind1="2" ind2=" ">
    <subfield code="a">Národní soutěž a výstava amatérské fotografie</subfield>
    <subfield code="7">olak20201092356</subfield>
  </datafield>
  <datafield tag="368" ind1=" " ind2=" ">
    <subfield code="a">soutěže</subfield>
    <subfield code="a">výstavy</subfield>
  </datafield>
  <datafield tag="370" ind1=" " ind2=" ">
    <subfield code="c">Česko</subfield>
    <subfield code="c">Slovensko</subfield>
    <subfield code="e">Hradec Králové, Česko</subfield>
    <subfield code="e">Brno, Česko</subfield>
    <subfield code="e">Olomouc, Česko</subfield>
    <subfield code="e">Kolín, Česko</subfield>
    <subfield code="e">Ostrava, Česko</subfield>
    <subfield code="e">Svitavy, Česko</subfield>
    <subfield code="e">Martin, Slovensko</subfield>
  </datafield>
  <datafield tag="372" ind1=" " ind2=" ">
    <subfield code="a">fotografie</subfield>
  </datafield>
  <datafield tag="377" ind1=" " ind2=" ">
    <subfield code="a">cze</subfield>
  </datafield>
  <datafield tag="670" ind1=" " ind2=" ">
    <subfield code="a">50 let : 1970-2020 : Národní soutěž a výstava amatérské fotografie, 2020</subfield>
    <subfield code="b">autoritní forma, poznámky</subfield>
  </datafield>
  <datafield tag="670" ind1=" " ind2=" ">
    <subfield code="a">www(Národní soutěž a výstava amatérské fotografie), cit. 11. 11. 2020</subfield>
    <subfield code="b">autoritní forma</subfield>
  </datafield>
  <datafield tag="906" ind1=" " ind2=" ">
    <subfield code="a">ko20201111</subfield>
    <subfield code="b">vepo</subfield>
  </datafield>
</record>