

<record>
  <leader>     nz  a22     n  4500</leader>
  <controlfield tag="001">kon20201092364</controlfield>
  <controlfield tag="003">CZ PrNK</controlfield>
  <controlfield tag="005">20201111081719.0</controlfield>
  <controlfield tag="008">201111|n|aznnnaabn           n a|a      </controlfield>
  <datafield tag="040" ind1=" " ind2=" ">
    <subfield code="a">ABA001</subfield>
    <subfield code="b">cze</subfield>
    <subfield code="e">rda</subfield>
  </datafield>
  <datafield tag="110" ind1="2" ind2=" ">
    <subfield code="a">Ústav pro výzkum dítěte a dorůstající mládeže v Praze.</subfield>
    <subfield code="t">Výroční zpráva (Ústav pro výzkum dítěte a dorůstající mládeže v Praze)</subfield>
    <subfield code="7">kon20201092364</subfield>
  </datafield>
  <datafield tag="410" ind1="2" ind2=" ">
    <subfield code="a">Ústav pro výzkum dítěte a dorůstající mládeže v Praze.</subfield>
    <subfield code="t">Výroční zpráva Ústavu pro výzkum dítěte a dorůstající mládeže (Pedologického ústavu) v Praze</subfield>
    <subfield code="0">o</subfield>
  </datafield>
  <datafield tag="670" ind1=" " ind2=" ">
    <subfield code="a">Výroční zpráva Ústavu pro výzkum dítěte a dorůstající mládeže (Pedologického ústavu) v Praze. V Praze : nákladem vlastním, [1919?-1952]</subfield>
  </datafield>
  <datafield tag="906" ind1=" " ind2=" ">
    <subfield code="a">br20201111</subfield>
    <subfield code="b">juri</subfield>
  </datafield>
  <datafield tag="906" ind1=" " ind2=" ">
    <subfield code="a">ks20201111</subfield>
    <subfield code="b">juri</subfield>
  </datafield>
</record>

<record>
  <leader>     nz  a22     n  4500</leader>
  <controlfield tag="001">ch1092365</controlfield>
  <controlfield tag="003">CZ PrNK</controlfield>
  <controlfield tag="005">20201111081827.0</controlfield>
  <controlfield tag="008">080612|n|anznnbabn           n a|a      </controlfield>
  <datafield tag="040" ind1=" " ind2=" ">
    <subfield code="a">ABA001</subfield>
    <subfield code="b">cze</subfield>
  </datafield>
  <datafield tag="045" ind1=" " ind2=" ">
    <subfield code="a">i-q-</subfield>
  </datafield>
  <datafield tag="148" ind1=" " ind2=" ">
    <subfield code="a">5.-13. století</subfield>
    <subfield code="7">ch1092365</subfield>
  </datafield>
  <datafield tag="906" ind1=" " ind2=" ">
    <subfield code="a">wp20201111</subfield>
    <subfield code="b">jave</subfield>
  </datafield>
</record>