

<record>
  <leader>     nz  a22     n  4500</leader>
  <controlfield tag="001">kon20201092366</controlfield>
  <controlfield tag="003">CZ PrNK</controlfield>
  <controlfield tag="005">20201111083411.0</controlfield>
  <controlfield tag="008">201111|n|aznnnaabn           n a|a      </controlfield>
  <datafield tag="040" ind1=" " ind2=" ">
    <subfield code="a">ABA001</subfield>
    <subfield code="b">cze</subfield>
    <subfield code="e">rda</subfield>
  </datafield>
  <datafield tag="110" ind1="2" ind2=" ">
    <subfield code="a">Okresní péče o mládež v Hustopečích (organizace).</subfield>
    <subfield code="t">Výroční zpráva (Okresní péče o mládež v Hustopečích (organizace))</subfield>
    <subfield code="7">kon20201092366</subfield>
  </datafield>
  <datafield tag="410" ind1="2" ind2=" ">
    <subfield code="a">Okresní péče o mládež v Hustopečích (organizace).</subfield>
    <subfield code="t">Zpráva o činnosti Okresní péče o mládež v Hustopečích</subfield>
    <subfield code="0">o</subfield>
  </datafield>
  <datafield tag="670" ind1=" " ind2=" ">
    <subfield code="a">Zpráva o činnosti Okresní péče o mládež v Hustopečích. V Hustopečích : nákladem vlastním, [1919?-1929?]</subfield>
  </datafield>
  <datafield tag="906" ind1=" " ind2=" ">
    <subfield code="a">br20201111</subfield>
    <subfield code="b">juri</subfield>
  </datafield>
  <datafield tag="906" ind1=" " ind2=" ">
    <subfield code="a">ks20201111</subfield>
    <subfield code="b">juri</subfield>
  </datafield>
</record>