

<record>
  <leader>     nz  a22     n  4500</leader>
  <controlfield tag="001">kon20201092371</controlfield>
  <controlfield tag="003">CZ PrNK</controlfield>
  <controlfield tag="005">20201111090019.0</controlfield>
  <controlfield tag="008">201111|n|aznnnaabn           n a|a      </controlfield>
  <datafield tag="040" ind1=" " ind2=" ">
    <subfield code="a">ABA001</subfield>
    <subfield code="b">cze</subfield>
    <subfield code="e">rda</subfield>
  </datafield>
  <datafield tag="110" ind1="2" ind2=" ">
    <subfield code="a">Deutsche Landeskommission für Kinderschutz und Jugendfürsorge in Böhmen.</subfield>
    <subfield code="b">Hohenelber Erziehungsheime.</subfield>
    <subfield code="t">Výroční zpráva (Deutsche Landeskommission für Kinderschutz und Jugendfürsorge in Böhmen. Hohenelber Erziehungsheime).</subfield>
    <subfield code="l">Německy</subfield>
    <subfield code="7">kon20201092371</subfield>
  </datafield>
  <datafield tag="410" ind1="2" ind2=" ">
    <subfield code="a">Deutsche Landeskommission für Kinderschutz und Jugendfürsorge in Böhmen.</subfield>
    <subfield code="b">Hohenelber Erziehungsheime.</subfield>
    <subfield code="t">Bericht der Hohenelber Erziehungsheime der Deutschen Landeskommission für Kinderschutz und Jugendfürsorge in Böhmen</subfield>
    <subfield code="0">o</subfield>
  </datafield>
  <datafield tag="670" ind1=" " ind2=" ">
    <subfield code="a">Bericht der Hohenelber Erziehungsheime der Deutschen Landeskommission für Kinderschutz und Jugendfürsorge in Böhmen:. [Hohenelbe] : [nakladatel není známý], [1933]</subfield>
  </datafield>
  <datafield tag="906" ind1=" " ind2=" ">
    <subfield code="a">br20201111</subfield>
    <subfield code="b">juri</subfield>
  </datafield>
  <datafield tag="906" ind1=" " ind2=" ">
    <subfield code="a">ks20201111</subfield>
    <subfield code="b">juri</subfield>
  </datafield>
</record>