

<record>
  <leader>     cz  a22     n  4500</leader>
  <controlfield tag="001">xx0253851</controlfield>
  <controlfield tag="003">CZ PrNK</controlfield>
  <controlfield tag="005">20201112150448.0</controlfield>
  <controlfield tag="008">201111|n|aznnnaabn           n a|a      </controlfield>
  <datafield tag="040" ind1=" " ind2=" ">
    <subfield code="a">ABG001</subfield>
    <subfield code="b">cze</subfield>
    <subfield code="d">ABA001</subfield>
    <subfield code="e">rda</subfield>
  </datafield>
  <datafield tag="046" ind1=" " ind2=" ">
    <subfield code="f">1961</subfield>
  </datafield>
  <datafield tag="100" ind1="1" ind2=" ">
    <subfield code="a">Juárez Puglisi, Adriana Isabel,</subfield>
    <subfield code="d">1961-</subfield>
    <subfield code="7">xx0253851</subfield>
  </datafield>
  <datafield tag="MOR" ind1="0" ind2=" ">
    <subfield code="a">Juárez Puglisi, Adriana Isabel</subfield>
    <subfield code="7">xx0253851</subfield>
  </datafield>
  <datafield tag="MOR" ind1="0" ind2=" ">
    <subfield code="a">Adribel</subfield>
    <subfield code="7">xx0253851</subfield>
  </datafield>
  <datafield tag="370" ind1=" " ind2=" ">
    <subfield code="a">Buenos Aires, Argentina</subfield>
    <subfield code="c">Argentina</subfield>
    <subfield code="c">Španělsko</subfield>
    <subfield code="f">Granada, Španělsko</subfield>
  </datafield>
  <datafield tag="372" ind1=" " ind2=" ">
    <subfield code="a">ilustrace</subfield>
    <subfield code="a">literatura pro děti a mládež</subfield>
    <subfield code="a">literární činnost</subfield>
    <subfield code="a">učebnice</subfield>
    <subfield code="a">grafický design</subfield>
    <subfield code="a">komiks</subfield>
  </datafield>
  <datafield tag="374" ind1=" " ind2=" ">
    <subfield code="a">ilustrátorky</subfield>
    <subfield code="a">grafičky</subfield>
    <subfield code="a">komiksové tvůrkyně</subfield>
  </datafield>
  <datafield tag="375" ind1=" " ind2=" ">
    <subfield code="a">žena</subfield>
  </datafield>
  <datafield tag="377" ind1=" " ind2=" ">
    <subfield code="a">spa</subfield>
  </datafield>
  <datafield tag="400" ind1="1" ind2=" ">
    <subfield code="a">Juárez Puglisi, Adriana,</subfield>
    <subfield code="d">1961-</subfield>
    <subfield code="0">o</subfield>
  </datafield>
  <datafield tag="500" ind1="0" ind2=" ">
    <subfield code="w">r</subfield>
    <subfield code="i">Pseudonym:</subfield>
    <subfield code="a">Adribel,</subfield>
    <subfield code="d">1961-</subfield>
    <subfield code="7">xx0253891</subfield>
  </datafield>
  <datafield tag="670" ind1=" " ind2=" ">
    <subfield code="a">Serna Vera, Ana: Tajemství princezen z Diamantové komnaty (Ilustrace: Adribel), 2020</subfield>
  </datafield>
  <datafield tag="670" ind1=" " ind2=" ">
    <subfield code="a">BNE, cit. 12. 11. 2020</subfield>
    <subfield code="b">autoritní forma, odkaz viz, odkaz viz též, biografické údaje</subfield>
  </datafield>
  <datafield tag="670" ind1=" " ind2=" ">
    <subfield code="a">www(Book Adribel_Portfolio by Adriana juárez Puglisi. In: Issuu), cit. 12. 11. 2020</subfield>
    <subfield code="b">datum narození, biografické údaje</subfield>
  </datafield>
  <datafield tag="675" ind1=" " ind2=" ">
    <subfield code="a">www(Biblioteca Nacional Mariano Moreno), cit. 11. 11. 2020</subfield>
  </datafield>
  <datafield tag="678" ind1="0" ind2=" ">
    <subfield code="a">Ilustrátorka, grafická designérka, tvůrkyně komiksů, autorka knih pro děti, spoluautorka učebnic. Narozena v Argentině, žija a působí ve Španělsku.</subfield>
  </datafield>
  <datafield tag="906" ind1=" " ind2=" ">
    <subfield code="a">za20201111</subfield>
    <subfield code="b">xhesr</subfield>
  </datafield>
  <datafield tag="906" ind1=" " ind2=" ">
    <subfield code="a">oz20201111</subfield>
    <subfield code="b">xjiva</subfield>
  </datafield>
  <datafield tag="906" ind1=" " ind2=" ">
    <subfield code="a">oz20201112</subfield>
    <subfield code="b">kurd</subfield>
    <subfield code="c">Záhlaví - změna jména a indikátoru, doplnění data narození; 370a - nově, 370c - další výskyt; 372a, 374a - další výskyty, 377 - nově; Odkaz viz - zrušeno, formální oprava, doplnění data narození; Odkaz viz též - změna jména a indikátoru, doplnění data narození, změna hodnoty podpole i; Zdroje - další výskyt, zrušeno; 675 - nově; Biografická poznámka - doplnění, zrušeno</subfield>
  </datafield>
</record>