

<record>
  <leader>     nz  a22     n  4500</leader>
  <controlfield tag="001">aun20201092384</controlfield>
  <controlfield tag="003">CZ PrNK</controlfield>
  <controlfield tag="005">20201111093117.0</controlfield>
  <controlfield tag="008">201111|n|aznnnaabn           n a|a      </controlfield>
  <datafield tag="040" ind1=" " ind2=" ">
    <subfield code="a">ABA001</subfield>
    <subfield code="b">cze</subfield>
    <subfield code="e">rda</subfield>
  </datafield>
  <datafield tag="100" ind1="1" ind2=" ">
    <subfield code="a">Novák, Jan,</subfield>
    <subfield code="d">1953 duben 4.-</subfield>
    <subfield code="t">Zátopek.</subfield>
    <subfield code="l">Anglicky</subfield>
    <subfield code="7">aun20201092384</subfield>
  </datafield>
  <datafield tag="667" ind1=" " ind2=" ">
    <subfield code="a">Název překladu je totožný s názvem originálu.</subfield>
  </datafield>
  <datafield tag="670" ind1=" " ind2=" ">
    <subfield code="a">NKC</subfield>
  </datafield>
  <datafield tag="670" ind1=" " ind2=" ">
    <subfield code="a">Zátopek : when you can’t keep going, go faster! / Jan Novák, Jaromír 99 ; translated from the Czech by Jan Novák. |a London : |b Selfmadehero, |c 2020</subfield>
  </datafield>
  <datafield tag="856" ind1="4" ind2="2">
    <subfield code="u">https://www.selfmadehero.com/news/introducing-our-autumn-2020-lineup</subfield>
    <subfield code="4">N</subfield>
  </datafield>
  <datafield tag="906" ind1=" " ind2=" ">
    <subfield code="a">br20201111</subfield>
    <subfield code="b">hape</subfield>
  </datafield>
  <datafield tag="906" ind1=" " ind2=" ">
    <subfield code="a">ks20201111</subfield>
    <subfield code="b">hape</subfield>
  </datafield>
</record>