

<record>
  <leader>     cz  a22     n  4500</leader>
  <controlfield tag="001">jo20201092391</controlfield>
  <controlfield tag="003">CZ PrNK</controlfield>
  <controlfield tag="005">20201111110226.0</controlfield>
  <controlfield tag="008">201111|n|aznnnaabn           n a|a      </controlfield>
  <datafield tag="024" ind1="7" ind2=" ">
    <subfield code="a">0000000366665729</subfield>
    <subfield code="2">isni</subfield>
  </datafield>
  <datafield tag="040" ind1=" " ind2=" ">
    <subfield code="a">ABA001</subfield>
    <subfield code="b">cze</subfield>
    <subfield code="d">ABA001</subfield>
    <subfield code="e">rda</subfield>
  </datafield>
  <datafield tag="100" ind1="1" ind2=" ">
    <subfield code="a">Načqebia, Maia</subfield>
    <subfield code="7">jo20201092391</subfield>
  </datafield>
  <datafield tag="370" ind1=" " ind2=" ">
    <subfield code="c">Gruzie</subfield>
  </datafield>
  <datafield tag="372" ind1=" " ind2=" ">
    <subfield code="a">literární věda</subfield>
    <subfield code="a">literární komparatistika</subfield>
    <subfield code="a">gruzínská literatura</subfield>
    <subfield code="a">barokní literatura</subfield>
    <subfield code="a">překlady z angličtiny</subfield>
    <subfield code="a">překlady z ruštiny</subfield>
    <subfield code="a">překlady z češtiny</subfield>
    <subfield code="a">překlady ze slovenštiny</subfield>
  </datafield>
  <datafield tag="374" ind1=" " ind2=" ">
    <subfield code="a">literární vědkyně</subfield>
    <subfield code="a">překladatelky</subfield>
  </datafield>
  <datafield tag="375" ind1=" " ind2=" ">
    <subfield code="a">žena</subfield>
  </datafield>
  <datafield tag="377" ind1=" " ind2=" ">
    <subfield code="a">geo</subfield>
    <subfield code="a">eng</subfield>
    <subfield code="a">rus</subfield>
    <subfield code="a">cze</subfield>
    <subfield code="a">slo</subfield>
  </datafield>
  <datafield tag="400" ind1="1" ind2=" ">
    <subfield code="a">Nachkebia, Maia</subfield>
    <subfield code="0">o</subfield>
  </datafield>
  <datafield tag="670" ind1=" " ind2=" ">
    <subfield code="a">Petr Šabaḫi ; thargmami čeḫuridan Maia Načqebia: Zġvis cḫenis mogzauroba ; Ramoni</subfield>
  </datafield>
  <datafield tag="670" ind1=" " ind2=" ">
    <subfield code="a">www(LinkedIn), cit. 11. 11. 2020</subfield>
    <subfield code="b">biografické údaje</subfield>
  </datafield>
  <datafield tag="670" ind1=" " ind2=" ">
    <subfield code="a">www(Shota Rustaveli Institute of Georgian Literature - Academia.edu), cit. 11. 11. 2020</subfield>
    <subfield code="b">odkaz viz</subfield>
    <subfield code="u">https://litinstituti.academia.edu/MakaNachkebia</subfield>
  </datafield>
  <datafield tag="670" ind1=" " ind2=" ">
    <subfield code="a">www(National Parliamentary Library of Georgia), cit. 11. 11. 2020</subfield>
    <subfield code="b">autoritní forma (přepis tvaru v gruzínském písmu)</subfield>
  </datafield>
  <datafield tag="678" ind1="0" ind2=" ">
    <subfield code="a">Gruzínská literární vědkyně zaměřená na literární komparatistiku, gruzínskou literaturu, literaturu zemí východní Evropy a na barokní literaturu, překladatelka z angličtiny, ruštiny, češtiny a slovenštiny.</subfield>
  </datafield>
  <datafield tag="906" ind1=" " ind2=" ">
    <subfield code="a">za20201111</subfield>
    <subfield code="b">japr</subfield>
  </datafield>
  <datafield tag="906" ind1=" " ind2=" ">
    <subfield code="a">op20201111</subfield>
    <subfield code="b">tone</subfield>
    <subfield code="c">Biografická poznámka - doplnění, 370, 372, 374, 375, 377 - nově, zdroj - oprava a další výskyt, URL - formální oprava</subfield>
  </datafield>
</record>