

<record>
  <leader>     cz  a22     n  4500</leader>
  <controlfield tag="001">xx0253859</controlfield>
  <controlfield tag="003">CZ PrNK</controlfield>
  <controlfield tag="005">20201111152606.0</controlfield>
  <controlfield tag="008">201111|n|aznnnaabn           n a|a      </controlfield>
  <datafield tag="040" ind1=" " ind2=" ">
    <subfield code="a">ABG001</subfield>
    <subfield code="b">cze</subfield>
    <subfield code="d">ABA001</subfield>
    <subfield code="e">rda</subfield>
  </datafield>
  <datafield tag="046" ind1=" " ind2=" ">
    <subfield code="f">1980</subfield>
  </datafield>
  <datafield tag="100" ind1="0" ind2=" ">
    <subfield code="a">Koťátko,</subfield>
    <subfield code="d">1980-</subfield>
    <subfield code="7">xx0253859</subfield>
  </datafield>
  <datafield tag="MOR" ind1="0" ind2=" ">
    <subfield code="a">Koťátko</subfield>
    <subfield code="7">xx0253859</subfield>
  </datafield>
  <datafield tag="370" ind1=" " ind2=" ">
    <subfield code="a">Praha, Česko</subfield>
    <subfield code="c">Česko</subfield>
    <subfield code="f">Praha, Česko</subfield>
  </datafield>
  <datafield tag="372" ind1=" " ind2=" ">
    <subfield code="a">poezie</subfield>
    <subfield code="a">hudba</subfield>
    <subfield code="a">literární činnost</subfield>
    <subfield code="a">překladatelská činnost</subfield>
  </datafield>
  <datafield tag="374" ind1=" " ind2=" ">
    <subfield code="a">hudebníci</subfield>
    <subfield code="a">redaktoři</subfield>
    <subfield code="a">překladatelé</subfield>
    <subfield code="a">písničkáři</subfield>
  </datafield>
  <datafield tag="375" ind1=" " ind2=" ">
    <subfield code="a">muž</subfield>
  </datafield>
  <datafield tag="377" ind1=" " ind2=" ">
    <subfield code="a">cze</subfield>
  </datafield>
  <datafield tag="400" ind1="1" ind2=" ">
    <subfield code="a">Niklíček, Láďa Koťátko,</subfield>
    <subfield code="d">1980-</subfield>
    <subfield code="0">o</subfield>
  </datafield>
  <datafield tag="400" ind1="1" ind2=" ">
    <subfield code="a">Niklíček, Ladislav Koťátko,</subfield>
    <subfield code="d">1980-</subfield>
    <subfield code="0">o</subfield>
  </datafield>
  <datafield tag="667" ind1=" " ind2=" ">
    <subfield code="a">Ve sbírce je uvedeno fiktivní datum a místo narození (1864, Doubrava u Kostelce nad Černými lesy).</subfield>
  </datafield>
  <datafield tag="670" ind1=" " ind2=" ">
    <subfield code="a">Koťátko: Zhyň!, 2020</subfield>
    <subfield code="b">autoritní forma, odkaz viz 2, biografické údaje</subfield>
  </datafield>
  <datafield tag="670" ind1=" " ind2=" ">
    <subfield code="a">www(Láďa Koťátko Niklíček. In: Facebook.com), cit. 11. 11. 2020</subfield>
    <subfield code="b">biografické údaje, odkaz viz 1</subfield>
  </datafield>
  <datafield tag="670" ind1=" " ind2=" ">
    <subfield code="a">www(Databáze knih), cit. 11. 11. 2020</subfield>
    <subfield code="b">datum narození, biografické údaje</subfield>
  </datafield>
  <datafield tag="670" ind1=" " ind2=" ">
    <subfield code="a">www(Krušnohorské kolo Porty - STRANĎA a hosté - folk z Krušných hor), cit. 11. 11. 2020</subfield>
    <subfield code="b">biografické údaje</subfield>
  </datafield>
  <datafield tag="678" ind1="0" ind2=" ">
    <subfield code="a">Narozen 1980 v Praze. Redaktor, překladatel, waldfolkový trampský písničkář, hudebník. Autor básnické sbírky.</subfield>
  </datafield>
  <datafield tag="906" ind1=" " ind2=" ">
    <subfield code="a">za20201111</subfield>
    <subfield code="b">xjiva</subfield>
  </datafield>
  <datafield tag="906" ind1=" " ind2=" ">
    <subfield code="a">oz20201111</subfield>
    <subfield code="b">kurd</subfield>
    <subfield code="c">Záhlaví - oprava indikátoru, doplnění data narození; 370a,f - nově, 372a, 374a - další výskyty; Odkazy viz - doplnění data narození; 667 - nově; Zdroje - formální úprava, doplnění, aktualizace, další výskyty; 678 - doplnění</subfield>
  </datafield>
</record>