

<record>
  <leader>     nz  a22     n  4500</leader>
  <controlfield tag="001">kon20201092411</controlfield>
  <controlfield tag="003">CZ PrNK</controlfield>
  <controlfield tag="005">20201111104758.0</controlfield>
  <controlfield tag="008">201111|n|aznnnaabn           n a|a      </controlfield>
  <datafield tag="040" ind1=" " ind2=" ">
    <subfield code="a">ABA001</subfield>
    <subfield code="b">cze</subfield>
    <subfield code="e">rda</subfield>
  </datafield>
  <datafield tag="110" ind1="2" ind2=" ">
    <subfield code="a">Česká okresní péče o mládež ve Stodě (organizace).</subfield>
    <subfield code="t">Výroční zpráva (Česká okresní péče o mládež ve Stodě (organizace))</subfield>
    <subfield code="7">kon20201092411</subfield>
  </datafield>
  <datafield tag="410" ind1="2" ind2=" ">
    <subfield code="a">Česká okresní péče o mládež ve Stodě (organizace).</subfield>
    <subfield code="t">Výroční zpráva o činnosti České okresní péče o mládež ve Stodě</subfield>
    <subfield code="0">o</subfield>
  </datafield>
  <datafield tag="670" ind1=" " ind2=" ">
    <subfield code="a">Výroční zpráva o činnosti České okresní péče o mládež ve Stodě. [Česko] : [nakladatel není známý], [1934]</subfield>
  </datafield>
  <datafield tag="906" ind1=" " ind2=" ">
    <subfield code="a">br20201111</subfield>
    <subfield code="b">juri</subfield>
  </datafield>
  <datafield tag="906" ind1=" " ind2=" ">
    <subfield code="a">ks20201111</subfield>
    <subfield code="b">juri</subfield>
  </datafield>
</record>