

<record>
  <leader>     nz  a22     n  4500</leader>
  <datafield tag="900" ind1=" " ind2=" ">
    <subfield code="a">N-NÁVRH-VP</subfield>
  </datafield>
  <controlfield tag="001">aun20201092413</controlfield>
  <controlfield tag="003">CZ PrNK</controlfield>
  <controlfield tag="005">20201111105923.0</controlfield>
  <controlfield tag="008">201111|n|aznnnaabn           n a|a      </controlfield>
  <datafield tag="040" ind1=" " ind2=" ">
    <subfield code="a">ABA004</subfield>
    <subfield code="b">cze</subfield>
    <subfield code="e">rda</subfield>
  </datafield>
  <datafield tag="100" ind1="0" ind2=" ">
    <subfield code="a">Iosif Volockij,</subfield>
    <subfield code="c">svatý,</subfield>
    <subfield code="d">1439-1515.</subfield>
    <subfield code="t">Prosvetitel‘</subfield>
    <subfield code="7">aun20201092413</subfield>
  </datafield>
  <datafield tag="670" ind1=" " ind2=" ">
    <subfield code="a">www(Vikipedija, svobodnaja ènciklopedija), cit. 11. 11. 2020</subfield>
    <subfield code="u">https://ru.wikipedia.org/wiki/%D0%9F%D1%80%D0%BE%D1%81%D0%B2%D0%B5%D1%82%D0%B8%D1%82%D0%B5%D0%BB%D1%8C_(%D0%98%D0%BE%D1%81%D0%B8%D1%84_%D0%92%D0%BE%D0%BB%D0%BE%D1%86%D0%BA%D0%B8%D0%B9)</subfield>
  </datafield>
  <datafield tag="670" ind1=" " ind2=" ">
    <subfield code="a">Aleksejev, A. I.: "Bodroopasnyj voin Christov" :Iosif Volockij i jego sočinenija v svete dannych sovremennoj nauki; 2019</subfield>
  </datafield>
  <datafield tag="678" ind1=" " ind2=" ">
    <subfield code="a">Apologetické dílo ze 16. století zaměřené proti heretikům.</subfield>
  </datafield>
  <datafield tag="906" ind1=" " ind2=" ">
    <subfield code="a">za20201111</subfield>
    <subfield code="b">mahr</subfield>
  </datafield>
</record>