

<record>
  <leader>     nz  a22     n  4500</leader>
  <datafield tag="900" ind1=" " ind2=" ">
    <subfield code="a">*J-NÁVRH</subfield>
  </datafield>
  <controlfield tag="001">ola20201092447</controlfield>
  <controlfield tag="003">CZ PrNK</controlfield>
  <controlfield tag="005">20201111123706.0</controlfield>
  <controlfield tag="008">201111|n|aznnnaabn           n a|a      </controlfield>
  <datafield tag="040" ind1=" " ind2=" ">
    <subfield code="a">OLA001</subfield>
    <subfield code="b">cze</subfield>
    <subfield code="e">rda</subfield>
  </datafield>
  <datafield tag="046" ind1=" " ind2=" ">
    <subfield code="f">1664</subfield>
    <subfield code="g">1738</subfield>
  </datafield>
  <datafield tag="100" ind1="1" ind2=" ">
    <subfield code="a">Zinke, Otmar David,</subfield>
    <subfield code="d">1664-1738</subfield>
    <subfield code="7">ola20201092447</subfield>
  </datafield>
  <datafield tag="368" ind1=" " ind2=" ">
    <subfield code="d">OSB</subfield>
  </datafield>
  <datafield tag="370" ind1=" " ind2=" ">
    <subfield code="a">Strzegom, Polsko</subfield>
    <subfield code="b">Broumov, Náchod, Česko</subfield>
    <subfield code="c">Polsko</subfield>
    <subfield code="c">Česko</subfield>
  </datafield>
  <datafield tag="372" ind1=" " ind2=" ">
    <subfield code="a">katolická víra</subfield>
    <subfield code="a">řeholní život</subfield>
  </datafield>
  <datafield tag="374" ind1=" " ind2=" ">
    <subfield code="a">katoličtí duchovní</subfield>
  </datafield>
  <datafield tag="374" ind1=" " ind2=" ">
    <subfield code="a">opati</subfield>
    <subfield code="s">1700</subfield>
    <subfield code="t">1738</subfield>
  </datafield>
  <datafield tag="375" ind1=" " ind2=" ">
    <subfield code="a">muž</subfield>
  </datafield>
  <datafield tag="400" ind1="1" ind2=" ">
    <subfield code="a">Zinke, Othmar David,</subfield>
    <subfield code="d">1664-1738</subfield>
    <subfield code="0">o</subfield>
  </datafield>
  <datafield tag="670" ind1=" " ind2=" ">
    <subfield code="a">Menzel, Beda Franz: Abt Othmar Daniel Zinke und die Ikonographie seiner Kirchen in Břevnov - Braunau - Wahlstatt, 1986</subfield>
    <subfield code="b">odkaz viz</subfield>
  </datafield>
  <datafield tag="670" ind1=" " ind2=" ">
    <subfield code="a">www(Wikipedie, otevřená encyklopedie), cit. 11. 11. 2020</subfield>
    <subfield code="b">autoritní forma</subfield>
    <subfield code="u">https://cs.wikipedia.org/wiki/Otmar_Daniel_Zinke</subfield>
  </datafield>
  <datafield tag="670" ind1=" " ind2=" ">
    <subfield code="a">www(Wikipedia, die freie Enzyklopädie), cit. 11. 11. 2020</subfield>
    <subfield code="b">odkaz viz</subfield>
    <subfield code="u">https://de.wikipedia.org/wiki/Othmar_Daniel_Zinke</subfield>
  </datafield>
  <datafield tag="678" ind1="0" ind2=" ">
    <subfield code="a">Narozen 10. 8. 1664 v Strzegomi, zemřel 8. 9. 1938 v Broumově. Římskokatolický duchovní, opat břevnovsko-broumovského opatství.</subfield>
  </datafield>
  <datafield tag="906" ind1=" " ind2=" ">
    <subfield code="a">ko20201111</subfield>
    <subfield code="b">vepo</subfield>
  </datafield>
</record>