

<record>
  <leader>     cz  a22     n  4500</leader>
  <controlfield tag="001">xx0253880</controlfield>
  <controlfield tag="003">CZ PrNK</controlfield>
  <controlfield tag="005">20201112085226.0</controlfield>
  <controlfield tag="008">201111|n|aznnnaabn           n a|a      </controlfield>
  <datafield tag="040" ind1=" " ind2=" ">
    <subfield code="a">ABA008</subfield>
    <subfield code="b">cze</subfield>
    <subfield code="d">ABA001</subfield>
    <subfield code="e">rda</subfield>
  </datafield>
  <datafield tag="046" ind1=" " ind2=" ">
    <subfield code="f">1920</subfield>
    <subfield code="g">2017</subfield>
  </datafield>
  <datafield tag="100" ind1="1" ind2=" ">
    <subfield code="a">Guyotat, Jean,</subfield>
    <subfield code="d">1920-2017</subfield>
    <subfield code="7">xx0253880</subfield>
  </datafield>
  <datafield tag="370" ind1=" " ind2=" ">
    <subfield code="c">Francie</subfield>
  </datafield>
  <datafield tag="372" ind1=" " ind2=" ">
    <subfield code="a">lékařství</subfield>
    <subfield code="a">psychiatrie</subfield>
    <subfield code="a">neuropsychiatrie</subfield>
    <subfield code="a">psychoanalýza</subfield>
  </datafield>
  <datafield tag="374" ind1=" " ind2=" ">
    <subfield code="a">lékaři</subfield>
    <subfield code="a">psychiatři</subfield>
    <subfield code="a">psychoanalytici</subfield>
  </datafield>
  <datafield tag="375" ind1=" " ind2=" ">
    <subfield code="a">muž</subfield>
  </datafield>
  <datafield tag="377" ind1=" " ind2=" ">
    <subfield code="a">fre</subfield>
  </datafield>
  <datafield tag="670" ind1=" " ind2=" ">
    <subfield code="a">Achaintre, A. - Guyotat, Jean ... et al.: Actualités de thérapeutique psychiatrique, Paris, 1963</subfield>
  </datafield>
  <datafield tag="670" ind1=" " ind2=" ">
    <subfield code="a">BNF, cit. 12. 11. 2020</subfield>
    <subfield code="b">autoritní forma, rok narození a úmrtí, profese, související země</subfield>
  </datafield>
  <datafield tag="670" ind1=" " ind2=" ">
    <subfield code="a">www(Wikipédia, l'encyclopédie libre), cit. 12. 11. 2020</subfield>
    <subfield code="b">biografické údaje</subfield>
    <subfield code="u">https://fr.wikipedia.org/wiki/Jean_Guyotat</subfield>
  </datafield>
  <datafield tag="678" ind1="0" ind2=" ">
    <subfield code="a">Psychoanalytik, neuropsychiatr.</subfield>
  </datafield>
  <datafield tag="906" ind1=" " ind2=" ">
    <subfield code="a">za20201111</subfield>
    <subfield code="b">xdapi</subfield>
  </datafield>
  <datafield tag="906" ind1=" " ind2=" ">
    <subfield code="a">op20201112</subfield>
    <subfield code="b">lisi</subfield>
    <subfield code="c">Zdroj - formální oprava citace, další výskyt</subfield>
  </datafield>
</record>