

<record>
  <leader>     nz  a22     n  4500</leader>
  <controlfield tag="001">jo20201092476</controlfield>
  <controlfield tag="003">CZ PrNK</controlfield>
  <controlfield tag="005">20201111143417.0</controlfield>
  <controlfield tag="008">201111|n|aznnnaabn           n a|a      </controlfield>
  <datafield tag="040" ind1=" " ind2=" ">
    <subfield code="a">ABA001</subfield>
    <subfield code="b">cze</subfield>
    <subfield code="e">rda</subfield>
  </datafield>
  <datafield tag="100" ind1="1" ind2=" ">
    <subfield code="a">Dempewolf, Eva</subfield>
    <subfield code="7">jo20201092476</subfield>
  </datafield>
  <datafield tag="368" ind1=" " ind2=" ">
    <subfield code="d">M.A.</subfield>
    <subfield code="d">Dr. phil.</subfield>
  </datafield>
  <datafield tag="370" ind1=" " ind2=" ">
    <subfield code="c">Německo</subfield>
    <subfield code="f">Starnberg, Německo</subfield>
  </datafield>
  <datafield tag="372" ind1=" " ind2=" ">
    <subfield code="a">psychoterapie</subfield>
    <subfield code="a">psychologické poradenství</subfield>
    <subfield code="a">etická výchova</subfield>
    <subfield code="a">koučování</subfield>
    <subfield code="a">překladatelská činnost</subfield>
    <subfield code="a">redakční práce</subfield>
    <subfield code="a">literatura faktu</subfield>
    <subfield code="a">lektorství (vzdělávání)</subfield>
  </datafield>
  <datafield tag="374" ind1=" " ind2=" ">
    <subfield code="a">psychoterapeutky</subfield>
    <subfield code="a">koučky</subfield>
    <subfield code="a">lektorky (vzdělávání)</subfield>
    <subfield code="a">překladatelky</subfield>
    <subfield code="a">spisovatelky</subfield>
  </datafield>
  <datafield tag="375" ind1=" " ind2=" ">
    <subfield code="a">žena</subfield>
  </datafield>
  <datafield tag="377" ind1=" " ind2=" ">
    <subfield code="a">ger</subfield>
    <subfield code="a">eng</subfield>
    <subfield code="a">fre</subfield>
  </datafield>
  <datafield tag="400" ind1="1" ind2=" ">
    <subfield code="a">Dempewolf, Eva L.</subfield>
    <subfield code="0">o</subfield>
  </datafield>
  <datafield tag="670" ind1=" " ind2=" ">
    <subfield code="a">Völler, Susanne et al. Amsterdam (překlad původního textu: Eva Dempewolf, Beatrix Gehlhoff, Anne Pitz). Ostfildern: MairDumont GmbH &amp; Co. KG, 2019. Marco Polo</subfield>
  </datafield>
  <datafield tag="670" ind1=" " ind2=" ">
    <subfield code="a">www(Mehr Kompetenzen), cit. 11. 11. 2020</subfield>
    <subfield code="b">biografické údaje</subfield>
  </datafield>
  <datafield tag="670" ind1=" " ind2=" ">
    <subfield code="a">DNB, cit. 11. 11. 2020</subfield>
    <subfield code="b">autoritní forma, biografické údaje, odkaz viz</subfield>
  </datafield>
  <datafield tag="678" ind1="0" ind2=" ">
    <subfield code="a">Německá psychoterapeutka, koučka osobního rozvoje, překladatelka, editorka a autorka literatury faktu.</subfield>
  </datafield>
  <datafield tag="906" ind1=" " ind2=" ">
    <subfield code="a">br20201111</subfield>
    <subfield code="b">beba</subfield>
  </datafield>
</record>