

<record>
  <leader>     nz  a22     n  4500</leader>
  <controlfield tag="001">xx0253892</controlfield>
  <controlfield tag="003">CZ PrNK</controlfield>
  <controlfield tag="005">20201112125130.0</controlfield>
  <controlfield tag="008">201111|n|aznnnaabn           n a|a      </controlfield>
  <datafield tag="040" ind1=" " ind2=" ">
    <subfield code="a">ABA008</subfield>
    <subfield code="b">cze</subfield>
    <subfield code="d">ABA001</subfield>
    <subfield code="e">rda</subfield>
  </datafield>
  <datafield tag="046" ind1=" " ind2=" ">
    <subfield code="f">1891</subfield>
    <subfield code="g">1958</subfield>
  </datafield>
  <datafield tag="100" ind1="1" ind2=" ">
    <subfield code="a">Dimock, Hedley Seldon,</subfield>
    <subfield code="d">1891-1958</subfield>
    <subfield code="7">xx0253892</subfield>
  </datafield>
  <datafield tag="370" ind1=" " ind2=" ">
    <subfield code="c">Spojené státy americké</subfield>
    <subfield code="c">Kanada</subfield>
  </datafield>
  <datafield tag="372" ind1=" " ind2=" ">
    <subfield code="a">pedagogika</subfield>
    <subfield code="a">vzdělávání</subfield>
    <subfield code="a">výchova a vzdělávání</subfield>
    <subfield code="a">táboření</subfield>
  </datafield>
  <datafield tag="374" ind1=" " ind2=" ">
    <subfield code="a">pedagogové</subfield>
    <subfield code="a">učitelé</subfield>
  </datafield>
  <datafield tag="375" ind1=" " ind2=" ">
    <subfield code="a">muž</subfield>
  </datafield>
  <datafield tag="377" ind1=" " ind2=" ">
    <subfield code="a">eng</subfield>
  </datafield>
  <datafield tag="400" ind1="1" ind2=" ">
    <subfield code="a">Dimock, Hedley S.,</subfield>
    <subfield code="d">1891-1958</subfield>
    <subfield code="0">o</subfield>
  </datafield>
  <datafield tag="670" ind1=" " ind2=" ">
    <subfield code="a">Dimock, Hedley S. - Hendry, Charles E.: Camping and character, New York, 1929</subfield>
    <subfield code="b">odkaz viz</subfield>
  </datafield>
  <datafield tag="670" ind1=" " ind2=" ">
    <subfield code="a">LC (Names) - rejstřík, cit. 11. 11. 2020</subfield>
    <subfield code="b">autoritní forma, rok narození</subfield>
  </datafield>
  <datafield tag="670" ind1=" " ind2=" ">
    <subfield code="a">www(Hedley S. Dimock - American Camp Association) - rejstřík, cit. 11. 11. 2020</subfield>
    <subfield code="b">rok úmrtí, profese, související země</subfield>
  </datafield>
  <datafield tag="670" ind1=" " ind2=" ">
    <subfield code="a">LC (OPAC), cit. 12. 11. 2020</subfield>
    <subfield code="b">autoritní forma</subfield>
  </datafield>
  <datafield tag="678" ind1="0" ind2=" ">
    <subfield code="a">Pedagog, učitel, propagátor kempování.</subfield>
  </datafield>
  <datafield tag="906" ind1=" " ind2=" ">
    <subfield code="a">za20201111</subfield>
    <subfield code="b">xdapi</subfield>
  </datafield>
  <datafield tag="906" ind1=" " ind2=" ">
    <subfield code="a">vr20201112</subfield>
    <subfield code="b">lisi</subfield>
    <subfield code="c">Zdroj - další výskyt</subfield>
  </datafield>
</record>