

<record>
  <leader>     cz  a22     n  4500</leader>
  <controlfield tag="001">ko20201092489</controlfield>
  <controlfield tag="003">CZ PrNK</controlfield>
  <controlfield tag="005">20201112083027.0</controlfield>
  <controlfield tag="008">201111|n|aznnnaabn           n a|a      </controlfield>
  <datafield tag="040" ind1=" " ind2=" ">
    <subfield code="a">ABA001</subfield>
    <subfield code="b">cze</subfield>
    <subfield code="d">ABA001</subfield>
    <subfield code="e">rda</subfield>
  </datafield>
  <datafield tag="110" ind1="2" ind2=" ">
    <subfield code="a">Výzkumný ústav živočišné výroby.</subfield>
    <subfield code="b">Oddělení genetiky a šlechtění hospodářských zvířat</subfield>
    <subfield code="7">ko20201092489</subfield>
  </datafield>
  <datafield tag="368" ind1=" " ind2=" ">
    <subfield code="a">výzkumné ústavy</subfield>
  </datafield>
  <datafield tag="370" ind1=" " ind2=" ">
    <subfield code="c">Česko</subfield>
    <subfield code="e">Uhříněves, Praha, Česko</subfield>
    <subfield code="e">Praha, Česko</subfield>
  </datafield>
  <datafield tag="372" ind1=" " ind2=" ">
    <subfield code="a">šlechtění hospodářských zvířat</subfield>
    <subfield code="a">genetika živočichů</subfield>
    <subfield code="a">vědecký výzkum</subfield>
  </datafield>
  <datafield tag="377" ind1=" " ind2=" ">
    <subfield code="a">cze</subfield>
  </datafield>
  <datafield tag="410" ind1="2" ind2=" ">
    <subfield code="a">Výzkumný ústav živočišné výroby.</subfield>
    <subfield code="b">Genetika a šlechtění hospodářských zvířat (oddělení)</subfield>
    <subfield code="0">o</subfield>
  </datafield>
  <datafield tag="670" ind1=" " ind2=" ">
    <subfield code="a">Generace za generací: šlechtění v našich chovech : sborník ze semináře u příležitosti 90. narození prof. Václava Jakubce, DrSc. : Praha, Česká republika, 8. října 2020</subfield>
  </datafield>
  <datafield tag="670" ind1=" " ind2=" ">
    <subfield code="a">www(Výzkumný ústav živočišné výroby - Genetika a šlechtění hospodářských zvířat), cit. 12.11. 2020</subfield>
    <subfield code="u">http://vuzv.cz/oddeleni/genetika</subfield>
  </datafield>
  <datafield tag="906" ind1=" " ind2=" ">
    <subfield code="a">za20201111</subfield>
    <subfield code="b">kahr</subfield>
  </datafield>
  <datafield tag="906" ind1=" " ind2=" ">
    <subfield code="a">op20201112</subfield>
    <subfield code="b">svsv</subfield>
    <subfield code="c">Viz - oprava; URL - nově; Zdroj - další výskyt; Další info - nově; Související místo - nově; Oblast působení - nově; Jazyk - nově</subfield>
  </datafield>
</record>