

<record>
  <leader>     nz  a22     n  4500</leader>
  <controlfield tag="001">ko20201092494</controlfield>
  <controlfield tag="003">CZ PrNK</controlfield>
  <controlfield tag="005">20201112071835.0</controlfield>
  <controlfield tag="008">201111|n|aznnnaabn           n a|a      </controlfield>
  <datafield tag="040" ind1=" " ind2=" ">
    <subfield code="a">ABA001</subfield>
    <subfield code="b">cze</subfield>
    <subfield code="d">ABA001</subfield>
    <subfield code="e">rda</subfield>
  </datafield>
  <datafield tag="111" ind1="2" ind2=" ">
    <subfield code="a">Colloque international "Les Foyers artistiques à la fin du règne de Louis XIV (1682-1715): musique et formes spectaculaires"</subfield>
    <subfield code="d">(2015 :</subfield>
    <subfield code="c">Versailles, Francie)</subfield>
    <subfield code="7">ko20201092494</subfield>
  </datafield>
  <datafield tag="368" ind1=" " ind2=" ">
    <subfield code="a">kolokvia</subfield>
  </datafield>
  <datafield tag="370" ind1=" " ind2=" ">
    <subfield code="c">Francie</subfield>
    <subfield code="e">Versailles, Francie</subfield>
  </datafield>
  <datafield tag="372" ind1=" " ind2=" ">
    <subfield code="a">umění</subfield>
    <subfield code="a">hudba</subfield>
    <subfield code="a">divadlo</subfield>
    <subfield code="a">umění a společnost</subfield>
  </datafield>
  <datafield tag="377" ind1=" " ind2=" ">
    <subfield code="a">fre</subfield>
  </datafield>
  <datafield tag="411" ind1="2" ind2=" ">
    <subfield code="a">Foyers artistiques à la fin du règne de Louis XIV (1682-1715): musique et formes spectaculaires (kolokvium)</subfield>
    <subfield code="d">(2015 :</subfield>
    <subfield code="c">Versailles, Francie)</subfield>
    <subfield code="0">o</subfield>
  </datafield>
  <datafield tag="411" ind1="2" ind2=" ">
    <subfield code="a">Les Foyers artistiques à la fin du règne de Louis XIV (1682-1715): musique et formes spectaculaires (kolokvium)</subfield>
    <subfield code="d">(2015 :</subfield>
    <subfield code="c">Versailles, Francie)</subfield>
    <subfield code="0">o</subfield>
  </datafield>
  <datafield tag="670" ind1=" " ind2=" ">
    <subfield code="a">Les foyers artistiques à la fin du règne de Louis XIV (1682-1715) : musique et spectacles</subfield>
    <subfield code="b">autoritní forma</subfield>
  </datafield>
  <datafield tag="670" ind1=" " ind2=" ">
    <subfield code="a">www(Centre de recherche du château de Versailles), cit. 11.11.2020</subfield>
    <subfield code="b">autoritní forma; odkazy viz</subfield>
  </datafield>
  <datafield tag="675" ind1=" " ind2=" ">
    <subfield code="a">LC (Names), cit. 11.11.2020</subfield>
  </datafield>
  <datafield tag="906" ind1=" " ind2=" ">
    <subfield code="a">za20201111</subfield>
    <subfield code="b">klou</subfield>
  </datafield>
  <datafield tag="906" ind1=" " ind2=" ">
    <subfield code="a">vr20201112</subfield>
    <subfield code="b">svsv</subfield>
  </datafield>
</record>