

<record>
  <leader>     nz  a22     n  4500</leader>
  <controlfield tag="001">unn20201092495</controlfield>
  <controlfield tag="003">CZ PrNK</controlfield>
  <controlfield tag="005">20201111155906.0</controlfield>
  <controlfield tag="008">201111|n|aznnnaabn           n a|a      </controlfield>
  <datafield tag="040" ind1=" " ind2=" ">
    <subfield code="a">ABA001</subfield>
    <subfield code="b">cze</subfield>
    <subfield code="e">rda</subfield>
  </datafield>
  <datafield tag="046" ind1=" " ind2=" ">
    <subfield code="k">2020</subfield>
  </datafield>
  <datafield tag="130" ind1=" " ind2="0">
    <subfield code="a">Příliš osobní známost (film)</subfield>
    <subfield code="7">unn20201092495</subfield>
  </datafield>
  <datafield tag="370" ind1=" " ind2=" ">
    <subfield code="g">Česko</subfield>
    <subfield code="g">Slovensko</subfield>
  </datafield>
  <datafield tag="380" ind1=" " ind2=" ">
    <subfield code="a">hrané filmy</subfield>
    <subfield code="a">filmová dramata</subfield>
    <subfield code="a">komedie (filmy)</subfield>
  </datafield>
  <datafield tag="430" ind1=" " ind2="0">
    <subfield code="i">Jazyková varianta názvu:</subfield>
    <subfield code="a">Príliš osobná známosť (film)</subfield>
    <subfield code="0">o</subfield>
  </datafield>
  <datafield tag="500" ind1="1" ind2=" ">
    <subfield code="w">r</subfield>
    <subfield code="i">Režie:</subfield>
    <subfield code="a">Ferencová, Marta,</subfield>
    <subfield code="d">1973-</subfield>
    <subfield code="7">xx0208980</subfield>
    <subfield code="4">drt</subfield>
  </datafield>
  <datafield tag="500" ind1="1" ind2=" ">
    <subfield code="w">r</subfield>
    <subfield code="i">Předloha:</subfield>
    <subfield code="a">Urbaníková, Eva,</subfield>
    <subfield code="d">1976-</subfield>
    <subfield code="t">Príliš osobná známosť</subfield>
    <subfield code="7">aun20201092492</subfield>
  </datafield>
  <datafield tag="670" ind1=" " ind2=" ">
    <subfield code="a">www(Wikipedie, otevřená encyklopedie), cit. 11. 11. 2020</subfield>
  </datafield>
  <datafield tag="670" ind1=" " ind2=" ">
    <subfield code="a">Česko-slovenská filmová databáze, cit. 11. 11. 2020</subfield>
  </datafield>
  <datafield tag="678" ind1=" " ind2=" ">
    <subfield code="a">České a slovenské filmové drama z roku 2020.</subfield>
  </datafield>
  <datafield tag="856" ind1="4" ind2="2">
    <subfield code="u">https://cs.wikipedia.org/wiki/P%C5%99%C3%ADli%C5%A1_osobn%C3%AD_zn%C3%A1most</subfield>
    <subfield code="4">N</subfield>
  </datafield>
  <datafield tag="856" ind1="4" ind2="2">
    <subfield code="u">https://www.csfd.cz/film/677280-prilis-osobni-znamost/prehled/</subfield>
    <subfield code="4">N</subfield>
  </datafield>
  <datafield tag="906" ind1=" " ind2=" ">
    <subfield code="a">br20201111</subfield>
    <subfield code="b">maba</subfield>
  </datafield>
</record>