

<record>
  <leader>     nz  a22     n  4500</leader>
  <controlfield tag="001">jo20201092498</controlfield>
  <controlfield tag="003">CZ PrNK</controlfield>
  <controlfield tag="005">20201111161852.0</controlfield>
  <controlfield tag="008">201111|n|aznnnaabn           n a|a      </controlfield>
  <datafield tag="024" ind1="7" ind2=" ">
    <subfield code="a">000000010867573X</subfield>
    <subfield code="2">isni</subfield>
  </datafield>
  <datafield tag="040" ind1=" " ind2=" ">
    <subfield code="a">ABA001</subfield>
    <subfield code="b">cze</subfield>
    <subfield code="e">rda</subfield>
  </datafield>
  <datafield tag="046" ind1=" " ind2=" ">
    <subfield code="f">1944</subfield>
  </datafield>
  <datafield tag="100" ind1="1" ind2=" ">
    <subfield code="a">Hargraves, John,</subfield>
    <subfield code="d">1944-</subfield>
    <subfield code="7">jo20201092498</subfield>
  </datafield>
  <datafield tag="370" ind1=" " ind2=" ">
    <subfield code="c">Spojené státy americké</subfield>
  </datafield>
  <datafield tag="372" ind1=" " ind2=" ">
    <subfield code="a">překladatelská činnost</subfield>
    <subfield code="a">německá literatura</subfield>
    <subfield code="a">němčina</subfield>
    <subfield code="a">hudební literatura</subfield>
    <subfield code="a">klavír</subfield>
  </datafield>
  <datafield tag="374" ind1=" " ind2=" ">
    <subfield code="a">překladatelé</subfield>
    <subfield code="a">klavíristé</subfield>
    <subfield code="a">vysokoškolští učitelé</subfield>
  </datafield>
  <datafield tag="375" ind1=" " ind2=" ">
    <subfield code="a">muž</subfield>
  </datafield>
  <datafield tag="377" ind1=" " ind2=" ">
    <subfield code="a">ger</subfield>
    <subfield code="a">eng</subfield>
  </datafield>
  <datafield tag="400" ind1="1" ind2=" ">
    <subfield code="a">Hargraves, John A.,</subfield>
    <subfield code="d">1944-</subfield>
    <subfield code="0">o</subfield>
  </datafield>
  <datafield tag="670" ind1=" " ind2=" ">
    <subfield code="a">Zumthor, Peter: Peter Zumthor :buildings and projects (translation: John Hargraves), [2014]</subfield>
  </datafield>
  <datafield tag="670" ind1=" " ind2=" ">
    <subfield code="a">www(John Hargraves - The Vienna Philharmonic Society), cit. 11. 11. 2020</subfield>
    <subfield code="b">biografické údaje</subfield>
  </datafield>
  <datafield tag="670" ind1=" " ind2=" ">
    <subfield code="a">LC (Names), cit. 11. 11. 2020</subfield>
    <subfield code="b">autoritní forma, datum narození, odkaz viz, biografické údaje</subfield>
  </datafield>
  <datafield tag="678" ind1="0" ind2=" ">
    <subfield code="a">Překladatel německé literatury do angličtiny, zaměřen mj. na literaturu s hudební tematikou. Autor knihy o hudbě ve spisech německých literátů. Vysokoškolský pedagog. Člen a klavírista kabaretní skupiny „The Six of Clubs“. Žije a působí v USA.</subfield>
  </datafield>
  <datafield tag="906" ind1=" " ind2=" ">
    <subfield code="a">br20201111</subfield>
    <subfield code="b">kurd</subfield>
  </datafield>
</record>