

<record>
  <leader>     nz  a22     n  4500</leader>
  <controlfield tag="001">aun20201092506</controlfield>
  <controlfield tag="003">CZ PrNK</controlfield>
  <controlfield tag="005">20201111170726.0</controlfield>
  <controlfield tag="008">201111|n|aznnnaabn           n a|a      </controlfield>
  <datafield tag="040" ind1=" " ind2=" ">
    <subfield code="a">ABA001</subfield>
    <subfield code="b">cze</subfield>
    <subfield code="e">rda</subfield>
  </datafield>
  <datafield tag="100" ind1="1" ind2=" ">
    <subfield code="a">King, Stephen,</subfield>
    <subfield code="d">1947-</subfield>
    <subfield code="t">Doctor Sleep</subfield>
    <subfield code="7">aun20201092506</subfield>
  </datafield>
  <datafield tag="670" ind1=" " ind2=" ">
    <subfield code="a">www(Československá bibliografická databáze), cit. 11. 11. 2020</subfield>
  </datafield>
  <datafield tag="700" ind1="1" ind2="7">
    <subfield code="a">King, Stephen,</subfield>
    <subfield code="d">1947-</subfield>
    <subfield code="t">Doktor Spánek</subfield>
    <subfield code="2">czenas</subfield>
  </datafield>
  <datafield tag="906" ind1=" " ind2=" ">
    <subfield code="a">br20201111</subfield>
    <subfield code="b">maba</subfield>
  </datafield>
</record>