

<record>
  <leader>     nz  a22     n  4500</leader>
  <controlfield tag="001">unn20201092507</controlfield>
  <controlfield tag="003">CZ PrNK</controlfield>
  <controlfield tag="005">20201111171057.0</controlfield>
  <controlfield tag="008">201111|n|aznnnaabn           n a|a      </controlfield>
  <datafield tag="040" ind1=" " ind2=" ">
    <subfield code="a">ABA001</subfield>
    <subfield code="b">cze</subfield>
    <subfield code="e">rda</subfield>
  </datafield>
  <datafield tag="046" ind1=" " ind2=" ">
    <subfield code="k">2019</subfield>
  </datafield>
  <datafield tag="130" ind1=" " ind2="0">
    <subfield code="a">Doctor Sleep (film : 2019)</subfield>
    <subfield code="7">unn20201092507</subfield>
  </datafield>
  <datafield tag="370" ind1=" " ind2=" ">
    <subfield code="g">Spojené státy americké</subfield>
  </datafield>
  <datafield tag="380" ind1=" " ind2=" ">
    <subfield code="a">hrané filmy</subfield>
    <subfield code="a">horory (filmy)</subfield>
    <subfield code="a">thrillery (filmy)</subfield>
  </datafield>
  <datafield tag="430" ind1=" " ind2="0">
    <subfield code="i">Česká varianta názvu:</subfield>
    <subfield code="a">Doktor Spánek (film : 2019)</subfield>
    <subfield code="0">o</subfield>
  </datafield>
  <datafield tag="430" ind1=" " ind2="0">
    <subfield code="i">Česká varianta názvu:</subfield>
    <subfield code="a">Doktor Spánek od Stephena Kinga (film)</subfield>
    <subfield code="0">o</subfield>
  </datafield>
  <datafield tag="430" ind1=" " ind2="0">
    <subfield code="i">Preferovaný název LC:</subfield>
    <subfield code="a">Doctor Sleep (Motion picture : 2019)</subfield>
    <subfield code="0">o</subfield>
  </datafield>
  <datafield tag="500" ind1="1" ind2=" ">
    <subfield code="w">r</subfield>
    <subfield code="i">Režie:</subfield>
    <subfield code="a">Flanagan, Mike,</subfield>
    <subfield code="d">1978-</subfield>
    <subfield code="7">xx0249331</subfield>
    <subfield code="4">drt</subfield>
  </datafield>
  <datafield tag="500" ind1="1" ind2=" ">
    <subfield code="w">r</subfield>
    <subfield code="i">Předloha:</subfield>
    <subfield code="a">King, Stephen,</subfield>
    <subfield code="d">1947-</subfield>
    <subfield code="t">Doctor Sleep</subfield>
    <subfield code="7">aun20201092506</subfield>
  </datafield>
  <datafield tag="678" ind1=" " ind2=" ">
    <subfield code="a">Americký filmový thriller z roku 2019 podle románu S. Kinga.</subfield>
  </datafield>
  <datafield tag="906" ind1=" " ind2=" ">
    <subfield code="a">br20201111</subfield>
    <subfield code="b">maba</subfield>
  </datafield>
</record>