

<record>
  <leader>     nz  a22     n  4500</leader>
  <datafield tag="900" ind1=" " ind2=" ">
    <subfield code="a">*J-NÁVRH</subfield>
  </datafield>
  <controlfield tag="001">av20201092521</controlfield>
  <controlfield tag="003">CZ PrNK</controlfield>
  <controlfield tag="005">20201111202340.0</controlfield>
  <controlfield tag="008">201111|n|aznnnaabn           n a|a      </controlfield>
  <datafield tag="040" ind1=" " ind2=" ">
    <subfield code="a">ABB060</subfield>
    <subfield code="b">cze</subfield>
    <subfield code="e">rda</subfield>
  </datafield>
  <datafield tag="046" ind1=" " ind2=" ">
    <subfield code="f">1951</subfield>
  </datafield>
  <datafield tag="100" ind1="1" ind2=" ">
    <subfield code="a">Thál, Josef,</subfield>
    <subfield code="d">1951-</subfield>
    <subfield code="7">av20201092521</subfield>
  </datafield>
  <datafield tag="370" ind1=" " ind2=" ">
    <subfield code="a">Chomutov, Česko</subfield>
    <subfield code="c">Česko</subfield>
    <subfield code="f">Jihlava, Česko</subfield>
  </datafield>
  <datafield tag="372" ind1=" " ind2=" ">
    <subfield code="a">IT služby</subfield>
    <subfield code="a">sociální služby</subfield>
    <subfield code="a">metodisté</subfield>
  </datafield>
  <datafield tag="374" ind1=" " ind2=" ">
    <subfield code="a">kazatelé</subfield>
    <subfield code="a">křesťanští laici</subfield>
  </datafield>
  <datafield tag="375" ind1=" " ind2=" ">
    <subfield code="a">muž</subfield>
  </datafield>
  <datafield tag="377" ind1=" " ind2=" ">
    <subfield code="a">cze</subfield>
  </datafield>
  <datafield tag="670" ind1=" " ind2=" ">
    <subfield code="a">Denní čtení 2020. Úvahy nad Hesly Jednoty bratrské. [Antologie]. Ostrava 2019, s. 107-108</subfield>
    <subfield code="b">autoritní forma</subfield>
  </datafield>
  <datafield tag="670" ind1=" " ind2=" ">
    <subfield code="a">[Josef Thál - biogram]. In: Denní čtení 2020. Úvahy nad Hesly Jednoty bratrské. [Antologie]. Ostrava 2019, s. 215</subfield>
    <subfield code="b">rok narození, biografické údaje, charakteristika činnosti</subfield>
  </datafield>
  <datafield tag="678" ind1="0" ind2=" ">
    <subfield code="a">Narozen v roce 1951 v Chomutově. Působil v oblasti IT a sociální péče, též laický kazatel.</subfield>
  </datafield>
  <datafield tag="906" ind1=" " ind2=" ">
    <subfield code="a">za20201111</subfield>
    <subfield code="b">uclluv</subfield>
  </datafield>
</record>