

<record>
  <leader>     nz  a22     n  4500</leader>
  <controlfield tag="001">mub20201092542</controlfield>
  <controlfield tag="003">CZ PrNK</controlfield>
  <controlfield tag="005">20201113073406.0</controlfield>
  <controlfield tag="008">201111|n|aznnnaabn           n a|a      </controlfield>
  <datafield tag="040" ind1=" " ind2=" ">
    <subfield code="a">BOD114</subfield>
    <subfield code="b">cze</subfield>
    <subfield code="d">ABA001</subfield>
    <subfield code="e">rda</subfield>
  </datafield>
  <datafield tag="100" ind1="1" ind2=" ">
    <subfield code="a">Bahyrycz, Cezary</subfield>
    <subfield code="7">mub20201092542</subfield>
  </datafield>
  <datafield tag="370" ind1=" " ind2=" ">
    <subfield code="c">Polsko</subfield>
  </datafield>
  <datafield tag="372" ind1=" " ind2=" ">
    <subfield code="a">archeologie</subfield>
    <subfield code="a">prehistorická archeologie</subfield>
    <subfield code="a">archeologické nálezy</subfield>
  </datafield>
  <datafield tag="374" ind1=" " ind2=" ">
    <subfield code="a">archeologové</subfield>
    <subfield code="a">vysokoškolští učitelé</subfield>
  </datafield>
  <datafield tag="375" ind1=" " ind2=" ">
    <subfield code="a">muž</subfield>
  </datafield>
  <datafield tag="377" ind1=" " ind2=" ">
    <subfield code="a">pol</subfield>
    <subfield code="a">eng</subfield>
  </datafield>
  <datafield tag="670" ind1=" " ind2=" ">
    <subfield code="a">Catalogue of Komarów culture barrow cemeteries in the upper Dniester drainage basin (former Stanisławów province) (Przemysław Makarowicz, Ihor Kochkin, Jakub Niebieszczański, Jan Romaniszyn, Mateusz Cwaliński, Robert Staniuk, Hubert Lepionka, Iwona Hildebrandt-Radke, Halyna Panakhyd, Yuriy Boltryk, Vitaliy Rud, Adam Wawrusiewicz, Taras Tkachuk, Rafał Skrzyniecki, Cezary Bahyrycz), 2016</subfield>
  </datafield>
  <datafield tag="670" ind1=" " ind2=" ">
    <subfield code="a">NUKAT, cit. 11. 11. 2020</subfield>
    <subfield code="b">autoritní forma</subfield>
  </datafield>
  <datafield tag="670" ind1=" " ind2=" ">
    <subfield code="a">BNPL, cit. 11. 11. 2020</subfield>
    <subfield code="b">profesní údaje</subfield>
  </datafield>
  <datafield tag="670" ind1=" " ind2=" ">
    <subfield code="a">www(Adam Mickiewicz University, Poznań), cit. 11. 11. 2020</subfield>
    <subfield code="b">biografické údaje</subfield>
  </datafield>
  <datafield tag="678" ind1="0" ind2=" ">
    <subfield code="a">Polský archeolog, vysokoškolský pedagog prehistorické archeologie na Adam Mickiewicz University.</subfield>
  </datafield>
  <datafield tag="906" ind1=" " ind2=" ">
    <subfield code="a">ko20201111</subfield>
    <subfield code="b">pospel</subfield>
  </datafield>
  <datafield tag="906" ind1=" " ind2=" ">
    <subfield code="a">vr20201113</subfield>
    <subfield code="b">maku</subfield>
  </datafield>
</record>