

<record>
  <leader>     nz  a22     n  4500</leader>
  <controlfield tag="001">ph1092548</controlfield>
  <controlfield tag="003">CZ PrNK</controlfield>
  <controlfield tag="005">20201112080803.0</controlfield>
  <controlfield tag="008">201112|n|anznnbabn           n a|a      </controlfield>
  <datafield tag="040" ind1=" " ind2=" ">
    <subfield code="a">ABA001</subfield>
    <subfield code="b">cze</subfield>
  </datafield>
  <datafield tag="072" ind1=" " ind2="7">
    <subfield code="a">58</subfield>
    <subfield code="x">Botanika</subfield>
    <subfield code="2">Konspekt</subfield>
    <subfield code="9">2</subfield>
  </datafield>
  <datafield tag="080" ind1=" " ind2=" ">
    <subfield code="a">582.585.63</subfield>
    <subfield code="2">MRF_2014</subfield>
  </datafield>
  <datafield tag="150" ind1=" " ind2=" ">
    <subfield code="a">dračinec</subfield>
    <subfield code="7">ph1092548</subfield>
  </datafield>
  <datafield tag="450" ind1=" " ind2=" ">
    <subfield code="a">Dracaena</subfield>
    <subfield code="0">o</subfield>
  </datafield>
  <datafield tag="550" ind1=" " ind2=" ">
    <subfield code="w">h</subfield>
    <subfield code="a">dračinec dračí</subfield>
    <subfield code="7">ph1086026</subfield>
  </datafield>
  <datafield tag="550" ind1=" " ind2=" ">
    <subfield code="w">g</subfield>
    <subfield code="a">chřestovité</subfield>
    <subfield code="7">ph158524</subfield>
  </datafield>
  <datafield tag="750" ind1="0" ind2="7">
    <subfield code="a">Dracaena</subfield>
    <subfield code="2">eczenas</subfield>
  </datafield>
  <datafield tag="906" ind1=" " ind2=" ">
    <subfield code="a">wp20201112</subfield>
    <subfield code="b">napo</subfield>
  </datafield>
</record>