

<record>
  <leader>     nz  a22     n  4500</leader>
  <datafield tag="900" ind1=" " ind2=" ">
    <subfield code="a">*J-NÁVRH</subfield>
  </datafield>
  <controlfield tag="001">uk20201092570</controlfield>
  <controlfield tag="003">CZ PrNK</controlfield>
  <controlfield tag="005">20201112075101.0</controlfield>
  <controlfield tag="008">201112|n|aznnnaabn           n a|a      </controlfield>
  <datafield tag="024" ind1="7" ind2=" ">
    <subfield code="a">0000000112024147</subfield>
    <subfield code="2">isni</subfield>
  </datafield>
  <datafield tag="040" ind1=" " ind2=" ">
    <subfield code="a">ABD009</subfield>
    <subfield code="b">cze</subfield>
    <subfield code="e">rda</subfield>
  </datafield>
  <datafield tag="046" ind1=" " ind2=" ">
    <subfield code="f">1912</subfield>
    <subfield code="g">1980</subfield>
  </datafield>
  <datafield tag="100" ind1="1" ind2=" ">
    <subfield code="a">Stephens, William E.,</subfield>
    <subfield code="d">1912-1980</subfield>
    <subfield code="7">uk20201092570</subfield>
  </datafield>
  <datafield tag="370" ind1=" " ind2=" ">
    <subfield code="c">Spojené státy americké</subfield>
  </datafield>
  <datafield tag="372" ind1=" " ind2=" ">
    <subfield code="a">fyzika</subfield>
    <subfield code="a">jaderná fyzika</subfield>
    <subfield code="a">hmotnostní spektrometrie</subfield>
  </datafield>
  <datafield tag="374" ind1=" " ind2=" ">
    <subfield code="a">fyzici</subfield>
    <subfield code="a">vysokoškolští učitelé</subfield>
  </datafield>
  <datafield tag="375" ind1=" " ind2=" ">
    <subfield code="a">muž</subfield>
  </datafield>
  <datafield tag="377" ind1=" " ind2=" ">
    <subfield code="a">eng</subfield>
  </datafield>
  <datafield tag="400" ind1="1" ind2=" ">
    <subfield code="a">Stephens, W. E.,</subfield>
    <subfield code="d">1912-1980</subfield>
    <subfield code="0">o</subfield>
  </datafield>
  <datafield tag="400" ind1="1" ind2=" ">
    <subfield code="a">Stephens, William Edwards,</subfield>
    <subfield code="d">1912-1980</subfield>
    <subfield code="0">o</subfield>
  </datafield>
  <datafield tag="670" ind1=" " ind2=" ">
    <subfield code="a">Harnwell, Gaylord P. - Stephens, William E.: Atomic physics : an atomic description of physical phenomena, 1955</subfield>
  </datafield>
  <datafield tag="670" ind1=" " ind2=" ">
    <subfield code="a">LC (Names), cit. 12. 11. 2020</subfield>
    <subfield code="b">autoritní forma, odkazy viz</subfield>
  </datafield>
  <datafield tag="670" ind1=" " ind2=" ">
    <subfield code="a">www(Wikipedia, die freie Enzyklopädie), cit. 12. 11. 2020</subfield>
    <subfield code="b">data, biografické údaje</subfield>
    <subfield code="u">https://de.wikipedia.org/wiki/William_E._Stephens</subfield>
  </datafield>
  <datafield tag="678" ind1="0" ind2=" ">
    <subfield code="a">Americký fyzik a vysokoškolský pedagog. Publikace z oboru.</subfield>
  </datafield>
  <datafield tag="906" ind1=" " ind2=" ">
    <subfield code="a">za20201112</subfield>
    <subfield code="b">CVACKA</subfield>
  </datafield>
</record>