

<record>
  <leader>     nz  a22     n  4500</leader>
  <controlfield tag="001">ko20201092576</controlfield>
  <controlfield tag="003">CZ PrNK</controlfield>
  <controlfield tag="005">20201112085431.0</controlfield>
  <controlfield tag="008">201112|n|aznnnaabn           n a|a      </controlfield>
  <datafield tag="040" ind1=" " ind2=" ">
    <subfield code="a">ABA001</subfield>
    <subfield code="b">cze</subfield>
    <subfield code="e">rda</subfield>
  </datafield>
  <datafield tag="110" ind1="2" ind2=" ">
    <subfield code="a">Liga československých motoristů (spolek).</subfield>
    <subfield code="7">ko20201092576</subfield>
  </datafield>
  <datafield tag="368" ind1=" " ind2=" ">
    <subfield code="a">zájmové organizace</subfield>
    <subfield code="a">spolky</subfield>
    <subfield code="a">motoristické kluby</subfield>
  </datafield>
  <datafield tag="370" ind1=" " ind2=" ">
    <subfield code="c">Česko</subfield>
    <subfield code="e">Praha, Česko</subfield>
    <subfield code="f">Československo</subfield>
  </datafield>
  <datafield tag="372" ind1=" " ind2=" ">
    <subfield code="a">motorismus</subfield>
  </datafield>
  <datafield tag="377" ind1=" " ind2=" ">
    <subfield code="a">cze</subfield>
  </datafield>
  <datafield tag="410" ind1="2" ind2=" ">
    <subfield code="a">Liga čs. motoristů (spolek).</subfield>
    <subfield code="0">o</subfield>
  </datafield>
  <datafield tag="410" ind1="2" ind2=" ">
    <subfield code="a">Liga čsl. motoristů (spolek).</subfield>
    <subfield code="0">o</subfield>
  </datafield>
  <datafield tag="670" ind1=" " ind2=" ">
    <subfield code="a">Pozvání na 2. řádnou valnou hromadu Ligy čsl. motoristů, skupiny Slaný</subfield>
  </datafield>
  <datafield tag="670" ind1=" " ind2=" ">
    <subfield code="a">www(Ústřední automotoklub ČR - Historie ÚAMK ČR), cit. 12.11. 2020</subfield>
  </datafield>
  <datafield tag="678" ind1=" " ind2=" ">
    <subfield code="a">Korporace působila v letech 1928? až 1939? (do sloučení Ligy československých motoristů a Autoklubu RČS).</subfield>
  </datafield>
  <datafield tag="906" ind1=" " ind2=" ">
    <subfield code="a">br20201112</subfield>
    <subfield code="b">svsv</subfield>
  </datafield>
</record>