

<record>
  <leader>     nz  a22     n  4500</leader>
  <controlfield tag="001">ko20201092580</controlfield>
  <controlfield tag="003">CZ PrNK</controlfield>
  <controlfield tag="005">20201112090520.0</controlfield>
  <controlfield tag="008">201112|n|aznnnaabn           n a|a      </controlfield>
  <datafield tag="040" ind1=" " ind2=" ">
    <subfield code="a">ABA001</subfield>
    <subfield code="b">cze</subfield>
    <subfield code="d">ABA001</subfield>
    <subfield code="e">rda</subfield>
  </datafield>
  <datafield tag="111" ind1="2" ind2=" ">
    <subfield code="a">Reformácia v strednej a juhovýchodnej Európe (konference)</subfield>
    <subfield code="d">(2017 :</subfield>
    <subfield code="c">Prešov, Slovensko)</subfield>
    <subfield code="7">ko20201092580</subfield>
  </datafield>
  <datafield tag="368" ind1=" " ind2=" ">
    <subfield code="a">konference</subfield>
    <subfield code="a">mezinárodní konference</subfield>
  </datafield>
  <datafield tag="370" ind1=" " ind2=" ">
    <subfield code="c">Slovensko</subfield>
    <subfield code="e">Prešov, Slovensko</subfield>
  </datafield>
  <datafield tag="372" ind1=" " ind2=" ">
    <subfield code="a">reformace</subfield>
    <subfield code="a">reformátoři</subfield>
    <subfield code="a">náboženští reformátoři</subfield>
    <subfield code="a">protestantismus</subfield>
    <subfield code="a">luterství</subfield>
    <subfield code="a">kalvinismus</subfield>
    <subfield code="a">církevní dějiny</subfield>
  </datafield>
  <datafield tag="377" ind1=" " ind2=" ">
    <subfield code="a">slo</subfield>
    <subfield code="a">cze</subfield>
    <subfield code="a">ger</subfield>
    <subfield code="a">hun</subfield>
  </datafield>
  <datafield tag="411" ind1="2" ind2=" ">
    <subfield code="a">Medzinárodná vedecká konferencia Reformácia v strednej a juhovýchodnej Európe</subfield>
    <subfield code="d">(2017 :</subfield>
    <subfield code="c">Prešov, Slovensko)</subfield>
    <subfield code="0">o</subfield>
  </datafield>
  <datafield tag="411" ind1="2" ind2=" ">
    <subfield code="a">Reformáció közép- és délkelet Európában (konference)</subfield>
    <subfield code="d">(2017 :</subfield>
    <subfield code="c">Prešov, Slovensko)</subfield>
    <subfield code="2">czehun</subfield>
    <subfield code="0">o</subfield>
  </datafield>
  <datafield tag="411" ind1="2" ind2=" ">
    <subfield code="a">Reformation in Mittelund Südost-Europa (konference)</subfield>
    <subfield code="d">(2017 :</subfield>
    <subfield code="c">Prešov, Slovensko)</subfield>
    <subfield code="2">czeger</subfield>
    <subfield code="0">o</subfield>
  </datafield>
  <datafield tag="411" ind1="2" ind2=" ">
    <subfield code="a">Reformácia v strednej Európe (konference)</subfield>
    <subfield code="d">(2017 :</subfield>
    <subfield code="c">Prešov, Slovensko)</subfield>
    <subfield code="0">o</subfield>
  </datafield>
  <datafield tag="670" ind1=" " ind2=" ">
    <subfield code="a">Reformácia v strednej Európe = Reformáció Közép-Európában = Reformation in Mittel-Europa</subfield>
    <subfield code="b">odkaz viz: Reformácia v strednej Európe</subfield>
  </datafield>
  <datafield tag="670" ind1=" " ind2=" ">
    <subfield code="a">www(Prešovská univerzita v Prešove), cit. 12.11.2020</subfield>
    <subfield code="b">autoritní forma; odkazy viz</subfield>
  </datafield>
  <datafield tag="670" ind1=" " ind2=" ">
    <subfield code="a">www(Univerzitná knižnica Prešovskej univerzity v Prešove), cit. 12.11.2020</subfield>
    <subfield code="b">odkazy viz</subfield>
  </datafield>
  <datafield tag="675" ind1=" " ind2=" ">
    <subfield code="a">LC (Names), cit. 12.11.2020</subfield>
  </datafield>
  <datafield tag="906" ind1=" " ind2=" ">
    <subfield code="a">za20201112</subfield>
    <subfield code="b">klou</subfield>
  </datafield>
  <datafield tag="906" ind1=" " ind2=" ">
    <subfield code="a">vr20201112</subfield>
    <subfield code="b">svsv</subfield>
  </datafield>
</record>