

<record>
  <leader>     nz  a22     n  4500</leader>
  <controlfield tag="001">jo20201092591</controlfield>
  <controlfield tag="003">CZ PrNK</controlfield>
  <controlfield tag="005">20201112093355.0</controlfield>
  <controlfield tag="008">201112|n|aznnnaabn           n a|a      </controlfield>
  <datafield tag="040" ind1=" " ind2=" ">
    <subfield code="a">ABA001</subfield>
    <subfield code="b">cze</subfield>
    <subfield code="e">rda</subfield>
  </datafield>
  <datafield tag="100" ind1="1" ind2=" ">
    <subfield code="a">Albiero, Laura</subfield>
    <subfield code="7">jo20201092591</subfield>
  </datafield>
  <datafield tag="368" ind1=" " ind2=" ">
    <subfield code="d">Ph.D., Palaeography, University of Rome La Sapienza</subfield>
    <subfield code="s">2011</subfield>
  </datafield>
  <datafield tag="370" ind1=" " ind2=" ">
    <subfield code="c">Itálie</subfield>
  </datafield>
  <datafield tag="372" ind1=" " ind2=" ">
    <subfield code="a">paleografie</subfield>
    <subfield code="a">kodikologie</subfield>
    <subfield code="a">medievalistika</subfield>
  </datafield>
  <datafield tag="374" ind1=" " ind2=" ">
    <subfield code="a">medievalistky</subfield>
    <subfield code="a">paleografky</subfield>
    <subfield code="a">historičky</subfield>
  </datafield>
  <datafield tag="375" ind1=" " ind2=" ">
    <subfield code="a">žena</subfield>
  </datafield>
  <datafield tag="377" ind1=" " ind2=" ">
    <subfield code="a">fre</subfield>
  </datafield>
  <datafield tag="670" ind1=" " ind2=" ">
    <subfield code="a">Albiero, Laura, (ed.) - Draelants, Isabelle, (ed.): Sciences du quadrivium au Mont-Cassin: regards croisés sur le manuscrit Montecassino, Archivio dell'Abbazia 318. Turnhout, Belgium: Brepols, [2018]</subfield>
  </datafield>
  <datafield tag="670" ind1=" " ind2=" ">
    <subfield code="a">ICCU, cit. 12. 11. 2020</subfield>
    <subfield code="b">autoritní forma</subfield>
  </datafield>
  <datafield tag="670" ind1=" " ind2=" ">
    <subfield code="a">BNF, cit. 12. 11. 2020</subfield>
    <subfield code="b">biografické údaje, pole 370, 375, 377</subfield>
  </datafield>
  <datafield tag="670" ind1=" " ind2=" ">
    <subfield code="a">www(Fragmentarium), cit. 12. 11. 2020</subfield>
    <subfield code="b">biografické údaje, pole 368</subfield>
  </datafield>
  <datafield tag="678" ind1="0" ind2=" ">
    <subfield code="a">Historička, specializace na pomocné vědy historické, zejména středověkou kodikologii a paleografii.</subfield>
  </datafield>
  <datafield tag="906" ind1=" " ind2=" ">
    <subfield code="a">br20201112</subfield>
    <subfield code="b">lisi</subfield>
  </datafield>
</record>