

<record>
  <leader>     nz  a22     n  4500</leader>
  <controlfield tag="001">aun20201092599</controlfield>
  <controlfield tag="003">CZ PrNK</controlfield>
  <controlfield tag="005">20201112095924.0</controlfield>
  <controlfield tag="008">201112|n|aznnnaabn           n a|a      </controlfield>
  <datafield tag="040" ind1=" " ind2=" ">
    <subfield code="a">ABA001</subfield>
    <subfield code="b">cze</subfield>
    <subfield code="e">rda</subfield>
  </datafield>
  <datafield tag="100" ind1="1" ind2=" ">
    <subfield code="a">Steiner, Rudolf,</subfield>
    <subfield code="d">1861-1925.</subfield>
    <subfield code="t">Johannes-Evangelium.</subfield>
    <subfield code="l">Česky</subfield>
    <subfield code="7">aun20201092599</subfield>
  </datafield>
  <datafield tag="400" ind1="1" ind2=" ">
    <subfield code="a">Steiner, Rudolf,</subfield>
    <subfield code="d">1861-1925.</subfield>
    <subfield code="t">Janovo evangelium</subfield>
    <subfield code="0">o</subfield>
  </datafield>
  <datafield tag="667" ind1=" " ind2=" ">
    <subfield code="a">Úplný název: Das Johannes-Evangelium.</subfield>
  </datafield>
  <datafield tag="670" ind1=" " ind2=" ">
    <subfield code="a">DNB</subfield>
  </datafield>
  <datafield tag="670" ind1=" " ind2=" ">
    <subfield code="a">HELVETICAT</subfield>
  </datafield>
  <datafield tag="670" ind1=" " ind2=" ">
    <subfield code="a">Janovo evangelium : cyklus dvanácti členských přednášek proslovených v Hamburku od 18. do 31. května 1908 / Rudolf Steiner ; z německého originálu Das Johannes-Evangelium, GA 103 ... přeložil Radomil Hradil. Lelekovice : Franesa, 2020</subfield>
  </datafield>
  <datafield tag="670" ind1=" " ind2=" ">
    <subfield code="a">NKC</subfield>
  </datafield>
  <datafield tag="906" ind1=" " ind2=" ">
    <subfield code="a">br20201112</subfield>
    <subfield code="b">hape</subfield>
  </datafield>
  <datafield tag="906" ind1=" " ind2=" ">
    <subfield code="a">ks20201112</subfield>
    <subfield code="b">hape</subfield>
  </datafield>
</record>