

<record>
  <leader>     nz  a22     n  4500</leader>
  <datafield tag="900" ind1=" " ind2=" ">
    <subfield code="a">*J-NÁVRH</subfield>
  </datafield>
  <controlfield tag="001">av20201092609</controlfield>
  <controlfield tag="003">CZ PrNK</controlfield>
  <controlfield tag="005">20201112101650.0</controlfield>
  <controlfield tag="008">201112|n|aznnnaabn           n a|a      </controlfield>
  <datafield tag="040" ind1=" " ind2=" ">
    <subfield code="a">ABB060</subfield>
    <subfield code="b">cze</subfield>
    <subfield code="e">rda</subfield>
  </datafield>
  <datafield tag="046" ind1=" " ind2=" ">
    <subfield code="f">1965</subfield>
  </datafield>
  <datafield tag="100" ind1="1" ind2=" ">
    <subfield code="a">Porenta, Ana,</subfield>
    <subfield code="d">1965-</subfield>
    <subfield code="7">av20201092609</subfield>
  </datafield>
  <datafield tag="370" ind1=" " ind2=" ">
    <subfield code="c">Slovinsko</subfield>
  </datafield>
  <datafield tag="372" ind1=" " ind2=" ">
    <subfield code="a">poezie</subfield>
    <subfield code="a">výchova a vzdělávání</subfield>
    <subfield code="a">próza</subfield>
    <subfield code="a">učebnice</subfield>
  </datafield>
  <datafield tag="374" ind1=" " ind2=" ">
    <subfield code="a">básnířky</subfield>
    <subfield code="a">učitelky</subfield>
    <subfield code="a">prozaičky</subfield>
  </datafield>
  <datafield tag="375" ind1=" " ind2=" ">
    <subfield code="a">žena</subfield>
  </datafield>
  <datafield tag="377" ind1=" " ind2=" ">
    <subfield code="a">slv</subfield>
  </datafield>
  <datafield tag="400" ind1="1" ind2=" ">
    <subfield code="a">Porenta-Rigler, Ana,</subfield>
    <subfield code="d">1965-</subfield>
    <subfield code="0">o</subfield>
  </datafield>
  <datafield tag="400" ind1="1" ind2=" ">
    <subfield code="a">Rigler, Ana Porenta-,</subfield>
    <subfield code="d">1965-</subfield>
    <subfield code="0">o</subfield>
  </datafield>
  <datafield tag="670" ind1=" " ind2=" ">
    <subfield code="a">CONOR.SI, cit. 12.11. 2020</subfield>
    <subfield code="b">autoritní forma, odkazy viz</subfield>
  </datafield>
  <datafield tag="670" ind1=" " ind2=" ">
    <subfield code="a">[Ana Porenta - biogram]. In: Dobrá adresa [online]. Roč. 20, 2019, č. 4/5/6, s. 12</subfield>
    <subfield code="b">rok narození, charakteristika činnosti</subfield>
  </datafield>
  <datafield tag="678" ind1="0" ind2=" ">
    <subfield code="a">Slovinská spisovatelka a básnířka, působí jako pedagog. Též autorka několika učebnic a příruček pro výuku slovinštiny pro začátečníky. Píše předmluvy, rediguje básnické sbírky, ročenky i sborníky. Vede literární workshopy a experimentání projekty. Založila Institut pro rozvoj kreativity a je spoluzakladatelkou a šéfredaktorkou portálu www.pesem.si.</subfield>
  </datafield>
  <datafield tag="906" ind1=" " ind2=" ">
    <subfield code="a">za20201112</subfield>
    <subfield code="b">uclph</subfield>
  </datafield>
</record>