

<record>
  <leader>     nz  a22     n  4500</leader>
  <datafield tag="900" ind1=" " ind2=" ">
    <subfield code="a">J-NÁVRH-STT</subfield>
  </datafield>
  <controlfield tag="001">ntk20201092612</controlfield>
  <controlfield tag="003">CZ PrNK</controlfield>
  <controlfield tag="005">20201112103605.0</controlfield>
  <controlfield tag="008">201112|n|aznnnaabn           n a|a      </controlfield>
  <datafield tag="024" ind1="7" ind2=" ">
    <subfield code="a">000000041653607X</subfield>
    <subfield code="2">isni</subfield>
  </datafield>
  <datafield tag="040" ind1=" " ind2=" ">
    <subfield code="a">ABA013</subfield>
    <subfield code="b">cze</subfield>
    <subfield code="e">rda</subfield>
  </datafield>
  <datafield tag="046" ind1=" " ind2=" ">
    <subfield code="g">1720</subfield>
  </datafield>
  <datafield tag="100" ind1="1" ind2=" ">
    <subfield code="a">Beyer, Heinrich,</subfield>
    <subfield code="d">-1720</subfield>
    <subfield code="7">ntk20201092612</subfield>
  </datafield>
  <datafield tag="368" ind1=" " ind2=" ">
    <subfield code="c">Německo</subfield>
  </datafield>
  <datafield tag="370" ind1=" " ind2=" ">
    <subfield code="f">Jena, Německo</subfield>
    <subfield code="s">1700</subfield>
    <subfield code="t">1703</subfield>
  </datafield>
  <datafield tag="370" ind1=" " ind2=" ">
    <subfield code="f">Erfurt, Německo</subfield>
    <subfield code="s">1708</subfield>
    <subfield code="t">1720</subfield>
  </datafield>
  <datafield tag="372" ind1=" " ind2=" ">
    <subfield code="a">knihtisk</subfield>
    <subfield code="a">tiskárny</subfield>
    <subfield code="a">knižní kultura</subfield>
    <subfield code="a">typografie</subfield>
  </datafield>
  <datafield tag="374" ind1=" " ind2=" ">
    <subfield code="a">tiskaři</subfield>
    <subfield code="a">knihtiskaři</subfield>
  </datafield>
  <datafield tag="375" ind1=" " ind2=" ">
    <subfield code="a">muž</subfield>
  </datafield>
  <datafield tag="377" ind1=" " ind2=" ">
    <subfield code="a">lat</subfield>
    <subfield code="a">ger</subfield>
  </datafield>
  <datafield tag="400" ind1="1" ind2=" ">
    <subfield code="a">Beyerus, Henricus,</subfield>
    <subfield code="d">-1720</subfield>
    <subfield code="0">o</subfield>
  </datafield>
  <datafield tag="400" ind1="1" ind2=" ">
    <subfield code="a">Beyerus, Heinriucs,</subfield>
    <subfield code="d">-1720</subfield>
    <subfield code="0">o</subfield>
  </datafield>
  <datafield tag="400" ind1="1" ind2=" ">
    <subfield code="a">Beyervs, Henricvs,</subfield>
    <subfield code="d">-1720</subfield>
    <subfield code="0">o</subfield>
  </datafield>
  <datafield tag="400" ind1="1" ind2=" ">
    <subfield code="a">Beyer, Heinr.,</subfield>
    <subfield code="d">-1720</subfield>
    <subfield code="0">o</subfield>
  </datafield>
  <datafield tag="400" ind1="1" ind2=" ">
    <subfield code="a">Beyer,</subfield>
    <subfield code="d">-1720</subfield>
    <subfield code="0">o</subfield>
  </datafield>
  <datafield tag="667" ind1=" " ind2=" ">
    <subfield code="a">http://d-nb.info/gnd/115805044.</subfield>
  </datafield>
  <datafield tag="670" ind1=" " ind2=" ">
    <subfield code="a">DE LATERNA MAGICA DISSERTATIO: QVAM DIVINIS AVSPICIIS RECTORE MAGNIFICENTISIMO ... DOM. VVILHELMO HENRICO DVCE SAXIONAE ...consentiente inclito philosohorum ordine SVB PRAESIDIO M. FRID. HANNIBALIS STEMPEL Coburgensis publico eruditorum examini submittit MATTH. CHRISTIANVS MVLLER Colberga-Pomeranus. IENAE: TYPIS NISIANIS EXCVDEBAT HENRICVS BEYERVS, 1704</subfield>
    <subfield code="b">odkaz viz</subfield>
    <subfield code="u">http://nbn-resolving.de/urn:nbn:de:gbv:3:1-425622</subfield>
  </datafield>
  <datafield tag="670" ind1=" " ind2=" ">
    <subfield code="a">DNB, cit. 12. 11. 2020</subfield>
    <subfield code="b">autoritní forma, odkazy viz, datum úmrtí, data a místo činnosti</subfield>
    <subfield code="u">http://d-nb.info/gnd/1037551001</subfield>
  </datafield>
  <datafield tag="678" ind1="0" ind2=" ">
    <subfield code="a">Německý tiskař, činný v Jeně v letech 1700-1703 v pronajaté tiskárně firmy Literis Nisianis, kterou vlastnila tiskařka Catharina Magdalena Nisius, vdova po tiskaři Johannovi Zachariasovi Nisiovi (zemřel 1695). V letech 1708-1720 působil v Erfurtu, a to již ve vlastní tiskařské firmě, označované v tiscích též jménem „Beyerische Schriften“.</subfield>
  </datafield>
  <datafield tag="906" ind1=" " ind2=" ">
    <subfield code="a">za20201112</subfield>
    <subfield code="b">evbr</subfield>
  </datafield>
  <datafield tag="906" ind1=" " ind2=" ">
    <subfield code="a">ko20201112</subfield>
    <subfield code="b">evbr</subfield>
  </datafield>
</record>