

<record>
  <leader>     nz  a22     n  4500</leader>
  <controlfield tag="001">ko20201092615</controlfield>
  <controlfield tag="003">CZ PrNK</controlfield>
  <controlfield tag="005">20201112102734.0</controlfield>
  <controlfield tag="008">201112|n|aznnnaabn           n a|a      </controlfield>
  <datafield tag="040" ind1=" " ind2=" ">
    <subfield code="a">ABA001</subfield>
    <subfield code="b">cze</subfield>
    <subfield code="e">rda</subfield>
  </datafield>
  <datafield tag="110" ind1="2" ind2=" ">
    <subfield code="a">K.k. privilegierten Prager bürgerlichen Infanterie-Korps</subfield>
    <subfield code="7">ko20201092615</subfield>
  </datafield>
  <datafield tag="368" ind1=" " ind2=" ">
    <subfield code="a">speciální jednotky (vojenství)</subfield>
    <subfield code="a">polovojenské organizace</subfield>
    <subfield code="a">občanské branné sbory</subfield>
  </datafield>
  <datafield tag="370" ind1=" " ind2=" ">
    <subfield code="c">Česko</subfield>
    <subfield code="e">Praha, Česko</subfield>
    <subfield code="f">Rakousko-Uhersko</subfield>
  </datafield>
  <datafield tag="372" ind1=" " ind2=" ">
    <subfield code="a">domobrana</subfield>
  </datafield>
  <datafield tag="377" ind1=" " ind2=" ">
    <subfield code="a">cze</subfield>
    <subfield code="a">ger</subfield>
  </datafield>
  <datafield tag="410" ind1="2" ind2=" ">
    <subfield code="a">K.k. privilegierten bürgerlichen Infanterie-Korps (Praha, Česko)</subfield>
    <subfield code="0">o</subfield>
  </datafield>
  <datafield tag="410" ind1="2" ind2=" ">
    <subfield code="a">K.k. privilegierten Prager bürgerlichen Infanterie-Corps</subfield>
    <subfield code="0">o</subfield>
  </datafield>
  <datafield tag="410" ind1="2" ind2=" ">
    <subfield code="a">K.k. privilegierten bürgerlichen Infanterie-Corps (Praha, Česko)</subfield>
    <subfield code="0">o</subfield>
  </datafield>
  <datafield tag="410" ind1="2" ind2=" ">
    <subfield code="a">C.k. sbor pěchoty měšťanské v Praze</subfield>
    <subfield code="2">czecze</subfield>
    <subfield code="0">o</subfield>
  </datafield>
  <datafield tag="410" ind1="2" ind2=" ">
    <subfield code="a">C.k. sbor měšťanské pěchoty v Praze</subfield>
    <subfield code="2">czecze</subfield>
    <subfield code="0">o</subfield>
  </datafield>
  <datafield tag="410" ind1="2" ind2=" ">
    <subfield code="a">C.k. privilegovaná pěchota ozbrojených měšťanů pražských</subfield>
    <subfield code="2">czecze</subfield>
    <subfield code="0">o</subfield>
  </datafield>
  <datafield tag="410" ind1="2" ind2=" ">
    <subfield code="a">C.k. priv. pěchota ozbrojených měšťanů pražských</subfield>
    <subfield code="2">czecze</subfield>
    <subfield code="0">o</subfield>
  </datafield>
  <datafield tag="670" ind1=" " ind2=" ">
    <subfield code="a">Verzeichniß sämmtlicher mit Ende Dezember 1857 im Funeral-Vereine des K.k. priv. bürgerl. Infanterie-Corps sich befindlichen Herren Corps-Mitglieder</subfield>
    <subfield code="b">odkazy viz v němčině</subfield>
  </datafield>
  <datafield tag="670" ind1=" " ind2=" ">
    <subfield code="a">www(Bohemia, Zeitschrift für Geschichte und Kultur der böhmischen Länder - Militaria Bohemica), cit. 12.11. 2020</subfield>
    <subfield code="b">autoritní forma podle: K. K. Privilegierten Prager Bürgerlichen Scharfschützenkorps</subfield>
  </datafield>
  <datafield tag="670" ind1=" " ind2=" ">
    <subfield code="a">www(Aurea Numismatika Praha E-Auction - Svěcení praporu c. k. sboru pěchoty měštanské v Praze), cit. 12.11. 2020</subfield>
    <subfield code="b">odkazy viz v češtině</subfield>
  </datafield>
  <datafield tag="906" ind1=" " ind2=" ">
    <subfield code="a">br20201112</subfield>
    <subfield code="b">svsv</subfield>
  </datafield>
</record>