

<record>
  <leader>     nz  a22     n  4500</leader>
  <datafield tag="900" ind1=" " ind2=" ">
    <subfield code="a">J-NÁVRH-STT</subfield>
  </datafield>
  <controlfield tag="001">ntk20201092621</controlfield>
  <controlfield tag="003">CZ PrNK</controlfield>
  <controlfield tag="005">20201112145716.0</controlfield>
  <controlfield tag="008">201112|n|aznnnaabn           n a|a      </controlfield>
  <datafield tag="024" ind1="7" ind2=" ">
    <subfield code="a">0000000382180430</subfield>
    <subfield code="2">isni</subfield>
  </datafield>
  <datafield tag="040" ind1=" " ind2=" ">
    <subfield code="a">ABA013</subfield>
    <subfield code="b">cze</subfield>
    <subfield code="e">rda</subfield>
  </datafield>
  <datafield tag="046" ind1=" " ind2=" ">
    <subfield code="s">1699</subfield>
    <subfield code="t">1708</subfield>
  </datafield>
  <datafield tag="100" ind1="1" ind2=" ">
    <subfield code="a">Stempel, Friedrich Hannibal,</subfield>
    <subfield code="d">činný 1699-1708</subfield>
    <subfield code="7">ntk20201092621</subfield>
  </datafield>
  <datafield tag="368" ind1=" " ind2=" ">
    <subfield code="d">Professor</subfield>
    <subfield code="d">Dr.phil.</subfield>
  </datafield>
  <datafield tag="370" ind1=" " ind2=" ">
    <subfield code="a">Coburg, Německo</subfield>
    <subfield code="c">Německo</subfield>
    <subfield code="f">Coburg, Německo</subfield>
    <subfield code="f">Jena, Německo</subfield>
  </datafield>
  <datafield tag="372" ind1=" " ind2=" ">
    <subfield code="a">filozofie</subfield>
    <subfield code="a">teologie</subfield>
    <subfield code="a">fyzika</subfield>
    <subfield code="a">optika</subfield>
    <subfield code="a">matematika</subfield>
  </datafield>
  <datafield tag="373" ind1=" " ind2=" ">
    <subfield code="a">Universität Jena</subfield>
  </datafield>
  <datafield tag="374" ind1=" " ind2=" ">
    <subfield code="a">vysokoškolští učitelé</subfield>
  </datafield>
  <datafield tag="375" ind1=" " ind2=" ">
    <subfield code="a">muž</subfield>
  </datafield>
  <datafield tag="377" ind1=" " ind2=" ">
    <subfield code="a">lat</subfield>
    <subfield code="a">ger</subfield>
  </datafield>
  <datafield tag="400" ind1="1" ind2=" ">
    <subfield code="a">Stempel, Fridericus Hannibal,</subfield>
    <subfield code="d">činný 1699-1708</subfield>
    <subfield code="0">o</subfield>
  </datafield>
  <datafield tag="400" ind1="1" ind2=" ">
    <subfield code="a">Stempel, Frid. Hannibal,</subfield>
    <subfield code="d">činný 1699-1708</subfield>
    <subfield code="0">o</subfield>
  </datafield>
  <datafield tag="667" ind1=" " ind2=" ">
    <subfield code="a">http://d-nb.info/gnd/129052388.</subfield>
  </datafield>
  <datafield tag="667" ind1=" " ind2=" ">
    <subfield code="a">DNB má ještě jeden krátký autoritní záznam popisované osoby, založený asi omylem: http://d-nb.info/gnd/1157766854.</subfield>
  </datafield>
  <datafield tag="670" ind1=" " ind2=" ">
    <subfield code="a">DE LATERNA MAGICA DISSERTATIO: QVAM DIVINIS AVSPICIIS RECTORE MAGNIFICENTISIMO ... DOM. VVILHELMO HENRICO DVCE SAXIONAE ...consentiente inclito philosohorum ordine SVB PRAESIDIO M. FRID. HANNIBALIS STEMPEL Coburgensis publico eruditorum examini submittit MATTH. CHRISTIANVS MVLLER Colberga-Pomeranus. IENAE: TYPIS NISIANIS EXCVDEBAT HENRICVS BEYERVS, 1704</subfield>
    <subfield code="b">odkaz viz</subfield>
    <subfield code="u">http://nbn-resolving.de/urn:nbn:de:gbv:3:1-425622</subfield>
  </datafield>
  <datafield tag="670" ind1=" " ind2=" ">
    <subfield code="a">DNB, cit. 12. 11. 2020</subfield>
    <subfield code="b">autoritní forma, odkaz viz, data činnosti</subfield>
    <subfield code="u">http://d-nb.info/gnd/129052388</subfield>
  </datafield>
  <datafield tag="678" ind1="0" ind2=" ">
    <subfield code="a">Německý učitel - profesor z Jeny, publikačně činný v letech 1699-1708. Jeho otcem byl coburgský farář a učitel Johann August Stempel (1639-1719) a jeho bratrem právník Wilhelm Tobias Stempel (1680-1742).</subfield>
  </datafield>
  <datafield tag="906" ind1=" " ind2=" ">
    <subfield code="a">za20201112</subfield>
    <subfield code="b">evbr</subfield>
  </datafield>
  <datafield tag="906" ind1=" " ind2=" ">
    <subfield code="a">ko20201112</subfield>
    <subfield code="b">evbr</subfield>
  </datafield>
</record>