

<record>
  <leader>     nz  a22     n  4500</leader>
  <controlfield tag="001">olak20201092629</controlfield>
  <controlfield tag="003">CZ PrNK</controlfield>
  <controlfield tag="005">20201112114030.0</controlfield>
  <controlfield tag="008">201112|n|aznnnaabn           n a|a      </controlfield>
  <datafield tag="040" ind1=" " ind2=" ">
    <subfield code="a">OLA001</subfield>
    <subfield code="b">cze</subfield>
    <subfield code="d">ABA001</subfield>
    <subfield code="e">rda</subfield>
  </datafield>
  <datafield tag="110" ind1="2" ind2=" ">
    <subfield code="a">Hřbitov (Nová Cerekev, Česko)</subfield>
    <subfield code="7">olak20201092629</subfield>
  </datafield>
  <datafield tag="368" ind1=" " ind2=" ">
    <subfield code="a">hřbitovy</subfield>
  </datafield>
  <datafield tag="370" ind1=" " ind2=" ">
    <subfield code="c">Česko</subfield>
    <subfield code="e">Nová Cerekev, Česko</subfield>
  </datafield>
  <datafield tag="372" ind1=" " ind2=" ">
    <subfield code="a">pohřebnictví</subfield>
  </datafield>
  <datafield tag="410" ind1="2" ind2=" ">
    <subfield code="a">Starý hřbitov v Nové Cerekvi</subfield>
    <subfield code="0">o</subfield>
  </datafield>
  <datafield tag="410" ind1="2" ind2=" ">
    <subfield code="a">Katolický hřbitov v Nové Cerekvi</subfield>
    <subfield code="0">o</subfield>
  </datafield>
  <datafield tag="410" ind1="2" ind2=" ">
    <subfield code="a">Římskokatolický hřbitov v Nové Cerekvi</subfield>
    <subfield code="0">o</subfield>
  </datafield>
  <datafield tag="670" ind1=" " ind2=" ">
    <subfield code="a">Krejčová Zavadilová, G. - Kopecká, Z.: V upomínku padlému synu, 2020</subfield>
    <subfield code="b">autoritní forma, odkazy viz (Starý hřbitov v Nové Cerekvi, Katolický hřbitov v Nové Cerekvi)</subfield>
  </datafield>
  <datafield tag="670" ind1=" " ind2=" ">
    <subfield code="a">www(Vysočina fandí kultuře - V upomínku padlému synu - Historie hřbitova v Nové Cerekvi)</subfield>
    <subfield code="b">odkaz viz (Římskokatolický hřbitov v Nové Cerekvi)</subfield>
    <subfield code="u">http://www.vysocina-fandi-kulture.cz/2020/09/v-upominku-padlemu-synu-historie.html</subfield>
  </datafield>
  <datafield tag="906" ind1=" " ind2=" ">
    <subfield code="a">ko20201112</subfield>
    <subfield code="b">marm</subfield>
  </datafield>
  <datafield tag="906" ind1=" " ind2=" ">
    <subfield code="a">vr20201112</subfield>
    <subfield code="b">svsv</subfield>
  </datafield>
</record>