

<record>
  <leader>     nz  a22     n  4500</leader>
  <controlfield tag="001">jo20201092630</controlfield>
  <controlfield tag="003">CZ PrNK</controlfield>
  <controlfield tag="005">20201112112009.0</controlfield>
  <controlfield tag="008">201112|n|aznnnaabn           n a|a      </controlfield>
  <datafield tag="040" ind1=" " ind2=" ">
    <subfield code="a">ABA001</subfield>
    <subfield code="b">cze</subfield>
    <subfield code="e">rda</subfield>
  </datafield>
  <datafield tag="100" ind1="1" ind2=" ">
    <subfield code="a">Andoni, Alan</subfield>
    <subfield code="7">jo20201092630</subfield>
  </datafield>
  <datafield tag="370" ind1=" " ind2=" ">
    <subfield code="c">Velká Británie</subfield>
  </datafield>
  <datafield tag="372" ind1=" " ind2=" ">
    <subfield code="a">albanistika</subfield>
  </datafield>
  <datafield tag="375" ind1=" " ind2=" ">
    <subfield code="a">muž</subfield>
  </datafield>
  <datafield tag="377" ind1=" " ind2=" ">
    <subfield code="a">eng</subfield>
  </datafield>
  <datafield tag="667" ind1=" " ind2=" ">
    <subfield code="a">Zdroj DNB bez dalšího uvádí, že se jedná o slavistu.</subfield>
  </datafield>
  <datafield tag="670" ind1=" " ind2=" ">
    <subfield code="a">Andoni, Alan: Jací jsou? - Albánci: zábavný průvodce národní povahou. Překlad Petr Florian. 1. vydání. V Brně: Lingea, 2020</subfield>
    <subfield code="b">biografické údaje</subfield>
  </datafield>
  <datafield tag="670" ind1=" " ind2=" ">
    <subfield code="a">LC (Names), cit. 12. 11. 2020</subfield>
    <subfield code="b">autoritní forma, biografické údaje, pole 370, 375, 377</subfield>
  </datafield>
  <datafield tag="678" ind1="0" ind2=" ">
    <subfield code="a">Autor publikace o národní povaze Albánců, činný již od 70. let 20. století.</subfield>
  </datafield>
  <datafield tag="906" ind1=" " ind2=" ">
    <subfield code="a">br20201112</subfield>
    <subfield code="b">lisi</subfield>
  </datafield>
</record>