

<record>
  <leader>     nz  a22     n  4500</leader>
  <controlfield tag="001">aun20201092632</controlfield>
  <controlfield tag="003">CZ PrNK</controlfield>
  <controlfield tag="005">20201112112947.0</controlfield>
  <controlfield tag="008">201112|n|aznnnaabn           n a|a      </controlfield>
  <datafield tag="040" ind1=" " ind2=" ">
    <subfield code="a">ABA001</subfield>
    <subfield code="b">cze</subfield>
    <subfield code="e">rda</subfield>
  </datafield>
  <datafield tag="100" ind1="0" ind2=" ">
    <subfield code="a">Řehoř</subfield>
    <subfield code="b">I.,</subfield>
    <subfield code="c">papež,</subfield>
    <subfield code="d">asi 540-604.</subfield>
    <subfield code="t">Regula pastoralis.</subfield>
    <subfield code="l">Německy</subfield>
    <subfield code="7">aun20201092632</subfield>
  </datafield>
  <datafield tag="400" ind1="0" ind2=" ">
    <subfield code="a">Řehoř</subfield>
    <subfield code="b">I.,</subfield>
    <subfield code="c">papež,</subfield>
    <subfield code="d">asi 540-604.</subfield>
    <subfield code="t">Pastoralregel</subfield>
    <subfield code="0">o</subfield>
  </datafield>
  <datafield tag="400" ind1="0" ind2=" ">
    <subfield code="a">Řehoř</subfield>
    <subfield code="b">I.,</subfield>
    <subfield code="c">papež,</subfield>
    <subfield code="d">asi 540-604.</subfield>
    <subfield code="t">Buch der Pastoralregeln</subfield>
    <subfield code="0">o</subfield>
  </datafield>
  <datafield tag="670" ind1=" " ind2=" ">
    <subfield code="a">DNB</subfield>
  </datafield>
  <datafield tag="670" ind1=" " ind2=" ">
    <subfield code="a">www(Wikipedia, die freie Enzyklopädie)</subfield>
  </datafield>
  <datafield tag="670" ind1=" " ind2=" ">
    <subfield code="a">Des hl. Papstes Gregorius des Großen Pastoral-Regel / von Benediktus Sauter. Freiburg im Breisgau : Herdersche Verlagshandlung, 1904</subfield>
  </datafield>
  <datafield tag="906" ind1=" " ind2=" ">
    <subfield code="a">br20201112</subfield>
    <subfield code="b">hape</subfield>
  </datafield>
  <datafield tag="906" ind1=" " ind2=" ">
    <subfield code="a">ks20201112</subfield>
    <subfield code="b">hape</subfield>
  </datafield>
</record>