

<record>
  <leader>     nz  a22     n  4500</leader>
  <datafield tag="900" ind1=" " ind2=" ">
    <subfield code="a">J-NÁVRH-STT</subfield>
  </datafield>
  <controlfield tag="001">ntk20201092654</controlfield>
  <controlfield tag="003">CZ PrNK</controlfield>
  <controlfield tag="005">20201112143534.0</controlfield>
  <controlfield tag="008">201112|n|aznnnaabn           n a|a      </controlfield>
  <datafield tag="040" ind1=" " ind2=" ">
    <subfield code="a">ABA013</subfield>
    <subfield code="b">cze</subfield>
    <subfield code="e">rda</subfield>
  </datafield>
  <datafield tag="046" ind1=" " ind2=" ">
    <subfield code="s">1704</subfield>
  </datafield>
  <datafield tag="100" ind1="1" ind2=" ">
    <subfield code="a">Müller, Matth. Christian,</subfield>
    <subfield code="d">činný 1704</subfield>
    <subfield code="7">ntk20201092654</subfield>
  </datafield>
  <datafield tag="370" ind1=" " ind2=" ">
    <subfield code="c">Německo</subfield>
    <subfield code="f">Jena, Německo</subfield>
    <subfield code="f">Kołobrzeg, Polsko</subfield>
    <subfield code="f">Zadní Pomořansko, Polsko</subfield>
  </datafield>
  <datafield tag="372" ind1=" " ind2=" ">
    <subfield code="a">filozofie</subfield>
    <subfield code="a">teologie</subfield>
    <subfield code="a">fyzika</subfield>
    <subfield code="a">optika</subfield>
    <subfield code="a">doktorské studium</subfield>
    <subfield code="a">matematika</subfield>
  </datafield>
  <datafield tag="373" ind1=" " ind2=" ">
    <subfield code="a">Universität Jena</subfield>
  </datafield>
  <datafield tag="374" ind1=" " ind2=" ">
    <subfield code="a">vysokoškolští studenti</subfield>
  </datafield>
  <datafield tag="400" ind1="1" ind2=" ">
    <subfield code="a">Muller, Matth. Christianus,</subfield>
    <subfield code="d">činný 1704</subfield>
    <subfield code="0">o</subfield>
  </datafield>
  <datafield tag="400" ind1="1" ind2=" ">
    <subfield code="a">Müller, Matthias Christianus,</subfield>
    <subfield code="d">činný 1704</subfield>
    <subfield code="0">o</subfield>
  </datafield>
  <datafield tag="400" ind1="1" ind2=" ">
    <subfield code="a">Mueller, Matthias Christianus,</subfield>
    <subfield code="d">činný 1704</subfield>
    <subfield code="0">o</subfield>
  </datafield>
  <datafield tag="400" ind1="1" ind2=" ">
    <subfield code="a">Mvller, Matth. Christianvs,</subfield>
    <subfield code="d">činný 1704</subfield>
    <subfield code="0">o</subfield>
  </datafield>
  <datafield tag="667" ind1=" " ind2=" ">
    <subfield code="a">http://d-nb.info/gnd/104211067.</subfield>
  </datafield>
  <datafield tag="670" ind1=" " ind2=" ">
    <subfield code="a">DE LATERNA MAGICA DISSERTATIO: QVAM DIVINIS AVSPICIIS RECTORE MAGNIFICENTISIMO ... DOM. VVILHELMO HENRICO DVCE SAXIONAE ... consentiente inclito philosohorum ordine SVB PRAESIDIO M. FRID. HANNIBALIS STEMPEL Coburgensis publico eruditorum examini submittit MATTH. CHRISTIANVS MVLLER Colberga-Pomeranus. IENAE: TYPIS NISIANIS EXCVDEBAT HENRICVS BEYERVS, 1704</subfield>
    <subfield code="b">odkaz viz</subfield>
    <subfield code="u">http://nbn-resolving.de/urn:nbn:de:gbv:3:1-425622</subfield>
  </datafield>
  <datafield tag="670" ind1=" " ind2=" ">
    <subfield code="a">DNB, cit. 12. 11. 2020</subfield>
    <subfield code="b">autoritní forma, odkazy viz, datum činnosti</subfield>
    <subfield code="u">http://d-nb.info/gnd/104211067</subfield>
  </datafield>
  <datafield tag="670" ind1=" " ind2=" ">
    <subfield code="a">www(WorldCat Identities, Muller, Matth. Christianus), cit. 12. 11. 2020</subfield>
    <subfield code="b">publikace a pole 377</subfield>
    <subfield code="u">https://www.worldcat.org/identities/viaf-12736014/</subfield>
  </datafield>
  <datafield tag="678" ind1="0" ind2=" ">
    <subfield code="a">Osoba, spojovaná s autorstvím a obhajobou disertační práce „De Laterna Magica“ na Jenské univerzitě v r. 1704. Afiliační adresa nese jména "Colberga - Pomeranus" (dříve pruský Kolberg v Západním Pomořansku).</subfield>
  </datafield>
  <datafield tag="906" ind1=" " ind2=" ">
    <subfield code="a">za20201112</subfield>
    <subfield code="b">evbr</subfield>
  </datafield>
  <datafield tag="906" ind1=" " ind2=" ">
    <subfield code="a">ko20201112</subfield>
    <subfield code="b">evbr</subfield>
  </datafield>
</record>