

<record>
  <leader>     nz  a22     n  4500</leader>
  <controlfield tag="001">kon20201092655</controlfield>
  <controlfield tag="003">CZ PrNK</controlfield>
  <controlfield tag="005">20201112124441.0</controlfield>
  <controlfield tag="008">201112|n|aznnnaabn           n a|a      </controlfield>
  <datafield tag="040" ind1=" " ind2=" ">
    <subfield code="a">ABA001</subfield>
    <subfield code="b">cze</subfield>
    <subfield code="e">rda</subfield>
  </datafield>
  <datafield tag="110" ind1="2" ind2=" ">
    <subfield code="a">Deutsche Turnerverbindung "Jahn".</subfield>
    <subfield code="t">Výroční zpráva (Deutsche Turnerverbindung "Jahn").</subfield>
    <subfield code="l">Německy</subfield>
    <subfield code="7">kon20201092655</subfield>
  </datafield>
  <datafield tag="410" ind1="2" ind2=" ">
    <subfield code="a">Deutsche Turnerverbindung "Jahn".</subfield>
    <subfield code="t">Bericht der Deutschen Turnerverbindung "Jahn" in Prag</subfield>
    <subfield code="0">o</subfield>
  </datafield>
  <datafield tag="670" ind1=" " ind2=" ">
    <subfield code="a">Bericht der Deutschen Turnerverbindung "Jahn" in Prag. Prag : Verlag der Deutschen Turnerverbindung "Jahn", [1903-1939]</subfield>
  </datafield>
  <datafield tag="906" ind1=" " ind2=" ">
    <subfield code="a">br20201112</subfield>
    <subfield code="b">juri</subfield>
  </datafield>
  <datafield tag="906" ind1=" " ind2=" ">
    <subfield code="a">ks20201112</subfield>
    <subfield code="b">juri</subfield>
  </datafield>
</record>