

<record>
  <leader>     nz  a22     n  4500</leader>
  <controlfield tag="001">kon20201092666</controlfield>
  <controlfield tag="003">CZ PrNK</controlfield>
  <controlfield tag="005">20201112130331.0</controlfield>
  <controlfield tag="008">201112|n|aznnnaabn           n a|a      </controlfield>
  <datafield tag="040" ind1=" " ind2=" ">
    <subfield code="a">ABA001</subfield>
    <subfield code="b">cze</subfield>
    <subfield code="e">rda</subfield>
  </datafield>
  <datafield tag="110" ind1="1" ind2=" ">
    <subfield code="a">Československo.</subfield>
    <subfield code="t">Pracovní právo</subfield>
    <subfield code="7">kon20201092666</subfield>
  </datafield>
  <datafield tag="670" ind1=" " ind2=" ">
    <subfield code="a">www(Wikipedie, otevřená encyklopedie), cit. 12. 11. 2020</subfield>
  </datafield>
  <datafield tag="678" ind1=" " ind2=" ">
    <subfield code="a">Pracovní právo zahrnuje tři tematické okruhy: individuální pracovní právo, kolektivní pracovní právo a právní úprava zaměstnanosti.</subfield>
  </datafield>
  <datafield tag="680" ind1=" " ind2=" ">
    <subfield code="i">Skupinový unifikovaný název pro sbírku obsahující velké množství zákonů z oblasti pracovního práva.</subfield>
  </datafield>
  <datafield tag="856" ind1="4" ind2="2">
    <subfield code="u">https://publi.cz/books/375/09.html#:~:text=%20Pracovn%C3%AD%20pr%C3%A1vo%20%201%209.1%20%C3%9A%C4%8Dastn%C3%ADci%20pracovn%C4%9Bpr%C3%A1vn%C3%ADch,zam%C4%9Bstnavatelem%20a%20zam%C4%9Bstnancem%2C%20ve%20kter%C3%A9m%20se...%20More%20</subfield>
    <subfield code="4">N</subfield>
  </datafield>
  <datafield tag="906" ind1=" " ind2=" ">
    <subfield code="a">br20201112</subfield>
    <subfield code="b">blau</subfield>
  </datafield>
  <datafield tag="906" ind1=" " ind2=" ">
    <subfield code="a">ks20201112</subfield>
    <subfield code="b">blau</subfield>
  </datafield>
</record>