

<record>
  <leader>     nz  a22     n  4500</leader>
  <datafield tag="900" ind1=" " ind2=" ">
    <subfield code="a">J-NÁVRH</subfield>
  </datafield>
  <controlfield tag="001">xx0253939</controlfield>
  <controlfield tag="003">CZ PrNK</controlfield>
  <controlfield tag="005">20201112131038.3</controlfield>
  <controlfield tag="008">201112|n|aznnnaabn           n a|a      </controlfield>
  <datafield tag="024" ind1="7" ind2=" ">
    <subfield code="a">Q2561379</subfield>
    <subfield code="2">wikidata</subfield>
  </datafield>
  <datafield tag="024" ind1="7" ind2=" ">
    <subfield code="a">0000000374509750</subfield>
    <subfield code="2">isni</subfield>
  </datafield>
  <datafield tag="040" ind1=" " ind2=" ">
    <subfield code="a">ABH306</subfield>
    <subfield code="b">cze</subfield>
    <subfield code="e">rda</subfield>
  </datafield>
  <datafield tag="100" ind1="1" ind2=" ">
    <subfield code="a">Hager, Werner,</subfield>
    <subfield code="d">1900-1997</subfield>
    <subfield code="7">xx0253939</subfield>
  </datafield>
  <datafield tag="368" ind1=" " ind2=" ">
    <subfield code="d">em. Prof. Dr.</subfield>
    <subfield code="d">Dr. h.c.</subfield>
  </datafield>
  <datafield tag="370" ind1=" " ind2=" ">
    <subfield code="a">Drážďany (Německo)</subfield>
    <subfield code="b">Oberhausen (Německo)</subfield>
    <subfield code="c">Německo</subfield>
    <subfield code="f">Münster in Westfalen (Německo)</subfield>
  </datafield>
  <datafield tag="372" ind1=" " ind2=" ">
    <subfield code="a">dějiny umění</subfield>
  </datafield>
  <datafield tag="374" ind1=" " ind2=" ">
    <subfield code="a">historici umění</subfield>
    <subfield code="a">vysokoškolští učitelé</subfield>
  </datafield>
  <datafield tag="375" ind1=" " ind2=" ">
    <subfield code="a">muž</subfield>
  </datafield>
  <datafield tag="377" ind1=" " ind2=" ">
    <subfield code="a">ger</subfield>
  </datafield>
  <datafield tag="400" ind1="1" ind2=" ">
    <subfield code="a">Hager, Werner Erwin Herwarth Gerold,</subfield>
    <subfield code="d">1900-1997</subfield>
    <subfield code="0">o</subfield>
  </datafield>
  <datafield tag="667" ind1=" " ind2=" ">
    <subfield code="a">Zdroj Wikipedia uvádí v záhlaví doplněk ve tvaru: (Kunsthistoriker).</subfield>
  </datafield>
  <datafield tag="670" ind1=" " ind2=" ">
    <subfield code="a">Hager, Werner: Die Bauten des deutschen Barocks 1690-1770, 1942</subfield>
    <subfield code="b">autoritní forma</subfield>
  </datafield>
  <datafield tag="670" ind1=" " ind2=" ">
    <subfield code="a">DNB, cit. 8. 9. 2020</subfield>
    <subfield code="b">rok narození, rok úmrtí, místo narození a úmrtí, související místo, titul, pole 372, 374, 375</subfield>
  </datafield>
  <datafield tag="670" ind1=" " ind2=" ">
    <subfield code="a">www(Wikipedia, Die freie Enzyklopädie), cit. 10. 11. 2020</subfield>
    <subfield code="b">úplné datum narození a úmrtí, místo narození a úmrtí, odkaz viz, pole 372, 374, biografické údaje</subfield>
    <subfield code="u">https://de.wikipedia.org/wiki/Werner_Hager_(Kunsthistoriker)</subfield>
  </datafield>
  <datafield tag="670" ind1=" " ind2=" ">
    <subfield code="a">www(WIKIDATA), cit. 10. 11. 2020</subfield>
    <subfield code="b">pole 024</subfield>
  </datafield>
  <datafield tag="670" ind1=" " ind2=" ">
    <subfield code="a">www(ISNI), cit. 10. 11. 2020</subfield>
    <subfield code="b">pole 024</subfield>
  </datafield>
  <datafield tag="678" ind1=" " ind2=" ">
    <subfield code="a">Německý kunsthistorik zaměřený na období baroka. Narozen 13. 7. 1900 v Drážďanech, zemřel 9. 5 1997 v Oberhausenu v Horním Bavorsku.</subfield>
  </datafield>
  <datafield tag="906" ind1=" " ind2=" ">
    <subfield code="a">za20201112</subfield>
    <subfield code="b">xzdkr</subfield>
  </datafield>
</record>