

<record>
  <leader>     nz  a22     n  4500</leader>
  <datafield tag="900" ind1=" " ind2=" ">
    <subfield code="a">J-NÁVRH</subfield>
  </datafield>
  <controlfield tag="001">xx0253941</controlfield>
  <controlfield tag="003">CZ PrNK</controlfield>
  <controlfield tag="005">20201112131042.5</controlfield>
  <controlfield tag="008">201112|n|aznnnaabn           n a|a      </controlfield>
  <datafield tag="024" ind1="7" ind2=" ">
    <subfield code="a">Q59822842</subfield>
    <subfield code="2">wikidata</subfield>
  </datafield>
  <datafield tag="040" ind1=" " ind2=" ">
    <subfield code="a">ABH306</subfield>
    <subfield code="b">cze</subfield>
    <subfield code="e">rda</subfield>
  </datafield>
  <datafield tag="100" ind1="1" ind2=" ">
    <subfield code="a">Hahm, Konrad,</subfield>
    <subfield code="d">1892-1943</subfield>
    <subfield code="7">xx0253941</subfield>
  </datafield>
  <datafield tag="370" ind1=" " ind2=" ">
    <subfield code="a">Oława (Polsko)</subfield>
    <subfield code="b">Berlín (Německo)</subfield>
    <subfield code="c">Německo</subfield>
  </datafield>
  <datafield tag="372" ind1=" " ind2=" ">
    <subfield code="a">folklor</subfield>
  </datafield>
  <datafield tag="373" ind1=" " ind2=" ">
    <subfield code="a">Staatliches Museum für Deutsche Volkskunde (Německo)</subfield>
  </datafield>
  <datafield tag="374" ind1=" " ind2=" ">
    <subfield code="a">etnologové</subfield>
    <subfield code="a">folkloristé</subfield>
  </datafield>
  <datafield tag="375" ind1=" " ind2=" ">
    <subfield code="a">muž</subfield>
  </datafield>
  <datafield tag="377" ind1=" " ind2=" ">
    <subfield code="a">ger</subfield>
  </datafield>
  <datafield tag="400" ind1="1" ind2=" ">
    <subfield code="a">Hahm, Konrad Karl Paul,</subfield>
    <subfield code="d">1892-1943</subfield>
    <subfield code="0">o</subfield>
  </datafield>
  <datafield tag="670" ind1=" " ind2=" ">
    <subfield code="a">Hahm, Konrad: Deutsche bauernmöbel, 1939</subfield>
  </datafield>
  <datafield tag="670" ind1=" " ind2=" ">
    <subfield code="a">DNB, cit. 15. 9. 2020</subfield>
    <subfield code="b">autoritní forma, rok narození a úmrtí, odkaz viz, související místo, pole 372, 373, 374, 375, biografické údaje</subfield>
  </datafield>
  <datafield tag="670" ind1=" " ind2=" ">
    <subfield code="a">www(Wikipedia, Die freie Enzyklopädie), cit. 10. 11. 2020</subfield>
    <subfield code="b">úplné datum narození a úmrtí, místo narození a úmrtí, biografické údaje</subfield>
    <subfield code="u">https://de.wikipedia.org/wiki/Konrad_Hahm</subfield>
  </datafield>
  <datafield tag="670" ind1=" " ind2=" ">
    <subfield code="a">www(WIKIDATA), cit. 10. 11. 2020</subfield>
    <subfield code="b">pole 024</subfield>
  </datafield>
  <datafield tag="678" ind1=" " ind2=" ">
    <subfield code="a">Německý folklorista, ředitel Staatliches Museum für Deutsche Volkskunde. Narozen 10. 6 1892 v Ohlau v provincii Slezsko, zemřel 15. 3. 1943 v Berlíně.</subfield>
  </datafield>
  <datafield tag="906" ind1=" " ind2=" ">
    <subfield code="a">za20201112</subfield>
    <subfield code="b">xzdkr</subfield>
  </datafield>
</record>