

<record>
  <leader>     nz  a22     n  4500</leader>
  <controlfield tag="001">kon20201092691</controlfield>
  <controlfield tag="003">CZ PrNK</controlfield>
  <controlfield tag="005">20201112135052.0</controlfield>
  <controlfield tag="008">201112|n|aznnnaabn           n a|a      </controlfield>
  <datafield tag="040" ind1=" " ind2=" ">
    <subfield code="a">ABA001</subfield>
    <subfield code="b">cze</subfield>
    <subfield code="e">rda</subfield>
  </datafield>
  <datafield tag="110" ind1="2" ind2=" ">
    <subfield code="a">Deutsche Bezirkslehrerverein Böhmisch Kamnitz.</subfield>
    <subfield code="t">Výroční zpráva (Deutsche Bezirkslehrerverein Böhmisch Kamnitz).</subfield>
    <subfield code="l">Německy</subfield>
    <subfield code="7">kon20201092691</subfield>
  </datafield>
  <datafield tag="410" ind1="2" ind2=" ">
    <subfield code="a">Deutsche Bezirkslehrerverein Böhmisch Kamnitz.</subfield>
    <subfield code="t">Tätigkeitsbericht der Deutschen Bezirksjugendfürsorge Böhm. Kamnitz</subfield>
    <subfield code="0">o</subfield>
  </datafield>
  <datafield tag="670" ind1=" " ind2=" ">
    <subfield code="a">Tätigkeitsbericht der Deutschen Bezirksjugendfürsorge Böhm. Kamnitz. B. Kamnitz : im Selbstverlage, [1919?-1938?]</subfield>
  </datafield>
  <datafield tag="906" ind1=" " ind2=" ">
    <subfield code="a">br20201112</subfield>
    <subfield code="b">juri</subfield>
  </datafield>
  <datafield tag="906" ind1=" " ind2=" ">
    <subfield code="a">ks20201112</subfield>
    <subfield code="b">juri</subfield>
  </datafield>
</record>