

<record>
  <leader>     nz  a22     n  4500</leader>
  <datafield tag="900" ind1=" " ind2=" ">
    <subfield code="a">J-NÁVRH</subfield>
  </datafield>
  <controlfield tag="001">uk20201092692</controlfield>
  <controlfield tag="003">CZ PrNK</controlfield>
  <controlfield tag="005">20201112135336.0</controlfield>
  <controlfield tag="008">201112|n|aznnnaabn           n a|a      </controlfield>
  <datafield tag="040" ind1=" " ind2=" ">
    <subfield code="a">ABD156</subfield>
    <subfield code="b">cze</subfield>
    <subfield code="e">rda</subfield>
  </datafield>
  <datafield tag="046" ind1=" " ind2=" ">
    <subfield code="f">1909</subfield>
    <subfield code="g">1982</subfield>
  </datafield>
  <datafield tag="100" ind1="1" ind2=" ">
    <subfield code="a">Kubiš, Alois,</subfield>
    <subfield code="d">1909-1982</subfield>
    <subfield code="7">uk20201092692</subfield>
  </datafield>
  <datafield tag="370" ind1=" " ind2=" ">
    <subfield code="a">Hrabůvka, Ostrava, Česko</subfield>
    <subfield code="b">Přerov, Česko</subfield>
    <subfield code="c">Česko</subfield>
  </datafield>
  <datafield tag="372" ind1=" " ind2=" ">
    <subfield code="a">služby v církvi</subfield>
  </datafield>
  <datafield tag="373" ind1=" " ind2=" ">
    <subfield code="a">Církev československá husitská</subfield>
  </datafield>
  <datafield tag="374" ind1=" " ind2=" ">
    <subfield code="a">faráři</subfield>
  </datafield>
  <datafield tag="375" ind1=" " ind2=" ">
    <subfield code="a">muž</subfield>
  </datafield>
  <datafield tag="377" ind1=" " ind2=" ">
    <subfield code="a">cze</subfield>
  </datafield>
  <datafield tag="670" ind1=" " ind2=" ">
    <subfield code="a">Kubiš, Alois: Jednota a odpovědnost. In: Náboženská revue, příloha Jednota, roč. 27, č. 3 (1956), s. 33-35</subfield>
  </datafield>
  <datafield tag="670" ind1=" " ind2=" ">
    <subfield code="a">Biografický slovník Církve československé husitské (editoři: Martin Jindra, Marcel Sladkowski), 2020</subfield>
    <subfield code="b">autoritní forma, data, biografické údaje</subfield>
  </datafield>
  <datafield tag="678" ind1="0" ind2=" ">
    <subfield code="a">Narozen 24. 3. 1909 v Ostravě-Hrabůvce, zemřel 29. 12. 1982 v Přerově, farář Církve československé husitské, tajemník diecézní rady v Ostravě (1947-1949), sloužil v Heřmanicích (1930), Kunčicích pod Ondřejníkem (1930-1932), v Petřvaldíku a Příboru (1932-1937), v Ostravě-Hrabůvce (1937-1949), v Prostějově (od roku 1949), Přerově (od roku 1954).</subfield>
  </datafield>
  <datafield tag="906" ind1=" " ind2=" ">
    <subfield code="a">za20201112</subfield>
    <subfield code="b">ruzena</subfield>
  </datafield>
</record>