

<record>
  <leader>     nz  a22     n  4500</leader>
  <datafield tag="900" ind1=" " ind2=" ">
    <subfield code="a">*J-NÁVRH</subfield>
  </datafield>
  <controlfield tag="001">mzk20201092697</controlfield>
  <controlfield tag="003">CZ PrNK</controlfield>
  <controlfield tag="005">20201112141241.0</controlfield>
  <controlfield tag="008">201112|n|aznnnaabn           n a|a      </controlfield>
  <datafield tag="024" ind1="7" ind2=" ">
    <subfield code="a">000000110462207</subfield>
    <subfield code="2">isni</subfield>
  </datafield>
  <datafield tag="024" ind1="7" ind2=" ">
    <subfield code="a">Q11865062</subfield>
    <subfield code="2">wikidata</subfield>
  </datafield>
  <datafield tag="040" ind1=" " ind2=" ">
    <subfield code="a">BOA001</subfield>
    <subfield code="b">cze</subfield>
    <subfield code="e">rda</subfield>
  </datafield>
  <datafield tag="046" ind1=" " ind2=" ">
    <subfield code="f">1938</subfield>
    <subfield code="g">2012</subfield>
  </datafield>
  <datafield tag="100" ind1="1" ind2=" ">
    <subfield code="a">Vuorela, Irmeli,</subfield>
    <subfield code="d">1938-2012</subfield>
    <subfield code="7">mzk20201092697</subfield>
  </datafield>
  <datafield tag="370" ind1=" " ind2=" ">
    <subfield code="a">Helsinky, Finsko</subfield>
    <subfield code="b">Helsinky, Finsko</subfield>
    <subfield code="c">Finsko</subfield>
  </datafield>
  <datafield tag="372" ind1=" " ind2=" ">
    <subfield code="a">geologie</subfield>
    <subfield code="a">paleontologie</subfield>
    <subfield code="a">paleobotanika</subfield>
    <subfield code="a">botanika</subfield>
    <subfield code="a">geografie</subfield>
  </datafield>
  <datafield tag="374" ind1=" " ind2=" ">
    <subfield code="a">geoložky</subfield>
    <subfield code="a">paleontoložky</subfield>
    <subfield code="a">paleobotaničky</subfield>
    <subfield code="a">botaničky</subfield>
    <subfield code="a">geografky</subfield>
    <subfield code="a">vysokoškolské učitelky</subfield>
  </datafield>
  <datafield tag="375" ind1=" " ind2=" ">
    <subfield code="a">žena</subfield>
  </datafield>
  <datafield tag="377" ind1=" " ind2=" ">
    <subfield code="a">fin</subfield>
    <subfield code="a">eng</subfield>
  </datafield>
  <datafield tag="400" ind1="1" ind2=" ">
    <subfield code="a">Vuorela, Laila Irmeli,</subfield>
    <subfield code="d">1938-2012</subfield>
    <subfield code="0">o</subfield>
  </datafield>
  <datafield tag="670" ind1=" " ind2=" ">
    <subfield code="a">Vuorela, Irmeli: Relative pollen rain around cultivated fields, 1973</subfield>
  </datafield>
  <datafield tag="670" ind1=" " ind2=" ">
    <subfield code="a">www(Helsingin yliopiston kirjasto - Suomen kansalliskirjasto), cit. 12. 11. 2020</subfield>
    <subfield code="b">autoritní forma, rok narození</subfield>
  </datafield>
  <datafield tag="670" ind1=" " ind2=" ">
    <subfield code="a">www(Wikipedia, vapaa tietosanakirja), cit. 12. 11. 2020</subfield>
    <subfield code="b">biografické údaje, rok úmrtí, místo narození, místo úmrtí</subfield>
    <subfield code="u">https://fi.wikipedia.org/wiki/Irmeli_Vuorela</subfield>
  </datafield>
  <datafield tag="670" ind1=" " ind2=" ">
    <subfield code="a">www(Hicks, Sheila - Miller, Urve: In Memoriam Laila Irmeli Vuorela 1938-2012. In: Geologi), 64, 2012, cit. 12. 11. 2020</subfield>
    <subfield code="b">odkaz viz, biografické údaje</subfield>
    <subfield code="u">https://www.geologinenseura.fi/sites/geologinenseura.fi/files/geologi_-_artikkelit/geologi_3_2012kevyt_inmemoriam.pdf</subfield>
  </datafield>
  <datafield tag="678" ind1="0" ind2=" ">
    <subfield code="a">Finská geoložka, paleontoložka, paleobotanička, botanička, geografka a vysokoškolská učitelka zaměřená na analýzy pylu.Zapojila se též do činnosti Červeného kříže.</subfield>
  </datafield>
  <datafield tag="906" ind1=" " ind2=" ">
    <subfield code="a">za20201112</subfield>
    <subfield code="b">svobal</subfield>
  </datafield>
</record>