

<record>
  <leader>     nz  a22     n  4500</leader>
  <controlfield tag="001">xx0253948</controlfield>
  <controlfield tag="003">CZ PrNK</controlfield>
  <controlfield tag="005">20201113054128.0</controlfield>
  <controlfield tag="008">201112|n|aznnnaabn           n a|a      </controlfield>
  <datafield tag="040" ind1=" " ind2=" ">
    <subfield code="a">ABA008</subfield>
    <subfield code="b">cze</subfield>
    <subfield code="d">ABA001</subfield>
    <subfield code="e">rda</subfield>
  </datafield>
  <datafield tag="046" ind1=" " ind2=" ">
    <subfield code="f">1983</subfield>
  </datafield>
  <datafield tag="100" ind1="1" ind2=" ">
    <subfield code="a">Štruncová, Dagmar,</subfield>
    <subfield code="d">1983-</subfield>
    <subfield code="7">xx0253948</subfield>
  </datafield>
  <datafield tag="368" ind1=" " ind2=" ">
    <subfield code="d">Mgr.</subfield>
  </datafield>
  <datafield tag="370" ind1=" " ind2=" ">
    <subfield code="c">Česko</subfield>
  </datafield>
  <datafield tag="372" ind1=" " ind2=" ">
    <subfield code="a">farmacie</subfield>
    <subfield code="a">výživa člověka</subfield>
    <subfield code="a">nutriční terapie</subfield>
    <subfield code="a">veganství</subfield>
  </datafield>
  <datafield tag="374" ind1=" " ind2=" ">
    <subfield code="a">farmaceutky</subfield>
  </datafield>
  <datafield tag="375" ind1=" " ind2=" ">
    <subfield code="a">žena</subfield>
  </datafield>
  <datafield tag="377" ind1=" " ind2=" ">
    <subfield code="a">cze</subfield>
  </datafield>
  <datafield tag="670" ind1=" " ind2=" ">
    <subfield code="a">Štruncová, Dagmar: Strava a její vliv na karcinom prostaty, se zaměřením na rostlinnou stravu. Klinická onkologie, 2020, roč. 33, č. Suppl. 1, s. 52-59.</subfield>
    <subfield code="b">autoritní forma, titul Mgr., pracoviště</subfield>
  </datafield>
  <datafield tag="670" ind1=" " ind2=" ">
    <subfield code="a">www(Rozhovor: I veganské dítě se může rozhodnout, že veganem být nechce - Flowee), cit. 12. 11. 2020</subfield>
    <subfield code="b">rok narození, profese, specializace</subfield>
  </datafield>
  <datafield tag="678" ind1="0" ind2=" ">
    <subfield code="a">Narozena 1983. Mgr., farmaceutka, též se odborně věnuje tématu rostlinné stravy (Lékařská fakulta, Masarykova univerzita, Brno).</subfield>
  </datafield>
  <datafield tag="906" ind1=" " ind2=" ">
    <subfield code="a">za20201112</subfield>
    <subfield code="b">xdapi</subfield>
  </datafield>
  <datafield tag="906" ind1=" " ind2=" ">
    <subfield code="a">fr20201113</subfield>
    <subfield code="b">lisi</subfield>
  </datafield>
</record>