

<record>
  <leader>     nz  a22     n  4500</leader>
  <controlfield tag="001">jo20201092704</controlfield>
  <controlfield tag="003">CZ PrNK</controlfield>
  <controlfield tag="005">20201112142359.0</controlfield>
  <controlfield tag="008">201112|n|aznnnaabn           n a|a      </controlfield>
  <datafield tag="040" ind1=" " ind2=" ">
    <subfield code="a">ABA001</subfield>
    <subfield code="b">cze</subfield>
    <subfield code="e">rda</subfield>
  </datafield>
  <datafield tag="046" ind1=" " ind2=" ">
    <subfield code="f">1909</subfield>
    <subfield code="g">1998</subfield>
  </datafield>
  <datafield tag="100" ind1="1" ind2=" ">
    <subfield code="a">Střída, Josef,</subfield>
    <subfield code="d">1909-1998</subfield>
    <subfield code="7">jo20201092704</subfield>
  </datafield>
  <datafield tag="370" ind1=" " ind2=" ">
    <subfield code="a">Vojnice, Těšetice, Olomouc, Česko</subfield>
    <subfield code="b">Prostějov, Česko</subfield>
    <subfield code="c">Česko</subfield>
  </datafield>
  <datafield tag="370" ind1=" " ind2=" ">
    <subfield code="f">Vrahovice, Prostějov, Česko</subfield>
    <subfield code="s">1955</subfield>
  </datafield>
  <datafield tag="374" ind1=" " ind2=" ">
    <subfield code="a">katoličtí kněží</subfield>
  </datafield>
  <datafield tag="375" ind1=" " ind2=" ">
    <subfield code="a">muž</subfield>
  </datafield>
  <datafield tag="670" ind1=" " ind2=" ">
    <subfield code="a">Marek, Pavel - Marek, Václav: Dělník na vinici Páně : životní příběh kněze Josefa Střídy, faráře ve Vrahovicích a čestného kanovníka, 2020</subfield>
    <subfield code="b">autoritní forma, data, biografické údaje</subfield>
  </datafield>
  <datafield tag="678" ind1="0" ind2=" ">
    <subfield code="a">Narozen 29. 7. 1909 v Těšeticích-Vojnicích (okr. Olomouc), zemřel 12. 6. 1998 v Prostějově. Katolický kněz.</subfield>
  </datafield>
  <datafield tag="906" ind1=" " ind2=" ">
    <subfield code="a">br20201112</subfield>
    <subfield code="b">tone</subfield>
  </datafield>
</record>