

<record>
  <leader>     cz  a22     n  4500</leader>
  <controlfield tag="001">ko20201092705</controlfield>
  <controlfield tag="003">CZ PrNK</controlfield>
  <controlfield tag="005">20201112154558.0</controlfield>
  <controlfield tag="008">201112|n|aznnnaabn           n a|a      </controlfield>
  <datafield tag="040" ind1=" " ind2=" ">
    <subfield code="a">ABA001</subfield>
    <subfield code="b">cze</subfield>
    <subfield code="d">ABA001</subfield>
    <subfield code="e">rda</subfield>
  </datafield>
  <datafield tag="111" ind1="2" ind2=" ">
    <subfield code="a">Ve dvou uniformách (konference)</subfield>
    <subfield code="d">(2019 :</subfield>
    <subfield code="c">Praha, Česko;</subfield>
    <subfield code="c">Hlučín, Česko)</subfield>
    <subfield code="7">ko20201092705</subfield>
  </datafield>
  <datafield tag="370" ind1=" " ind2=" ">
    <subfield code="c">Česko</subfield>
    <subfield code="e">Praha, Česko</subfield>
    <subfield code="e">Hlučín, Česko</subfield>
  </datafield>
  <datafield tag="372" ind1=" " ind2=" ">
    <subfield code="a">ozbrojené síly</subfield>
    <subfield code="a">vojenské odvody</subfield>
    <subfield code="a">protifašistický odboj</subfield>
    <subfield code="a">zahraniční vojenské jednotky</subfield>
    <subfield code="a">druhá světová válka (1939-1945)</subfield>
  </datafield>
  <datafield tag="372" ind1=" " ind2=" ">
    <subfield code="a">mezinárodní konference</subfield>
    <subfield code="a">konference</subfield>
  </datafield>
  <datafield tag="377" ind1=" " ind2=" ">
    <subfield code="a">cze</subfield>
  </datafield>
  <datafield tag="411" ind1="2" ind2=" ">
    <subfield code="a">Ve dvou uniformách: nuceně mobilizovaní do Wehrmachtu a jejich účast v odboji (konference)</subfield>
    <subfield code="d">(2019 :</subfield>
    <subfield code="c">Praha, Česko;</subfield>
    <subfield code="c">Hlučín, Česko)</subfield>
    <subfield code="0">o</subfield>
  </datafield>
  <datafield tag="411" ind1="2" ind2=" ">
    <subfield code="a">Ve dvou uniformách: nuceně mobilizovaní do Wehrmachtu a jejich účast v odboji. Okolnosti, souvislosti, marginalizace (konference)</subfield>
    <subfield code="d">(2019 :</subfield>
    <subfield code="c">Praha, Česko;</subfield>
    <subfield code="c">Hlučín, Česko)</subfield>
    <subfield code="0">o</subfield>
  </datafield>
  <datafield tag="670" ind1=" " ind2=" ">
    <subfield code="a">Ve dvou uniformách : nuceně mobilizovaní a jejich účast v odboji : okolnosti, souvislosti, marginalizace</subfield>
  </datafield>
  <datafield tag="670" ind1=" " ind2=" ">
    <subfield code="a">www(Instagram - Muzeum Hlučínska), cit. 12.11. 2020</subfield>
    <subfield code="b">odkaz viz; biografická poznámka</subfield>
  </datafield>
  <datafield tag="670" ind1=" " ind2=" ">
    <subfield code="a">www(Hlučín.cz), cit. 12. 11. 2020</subfield>
  </datafield>
  <datafield tag="678" ind1=" " ind2=" ">
    <subfield code="a">Konference (která byla součástí projektu řešeného Ústavem pro soudobé dějiny AV ČR) se konala16.-19. května 2019 v Praze a Hlučíně. Těžištěm konference se stal cyklus přednášek dne 18. května 2019 pořádaný v Hlučíně.</subfield>
  </datafield>
  <datafield tag="906" ind1=" " ind2=" ">
    <subfield code="a">za20201112</subfield>
    <subfield code="b">kola</subfield>
  </datafield>
  <datafield tag="906" ind1=" " ind2=" ">
    <subfield code="a">op20201112</subfield>
    <subfield code="b">svsv</subfield>
    <subfield code="c">Viz - další výskyt; Zdroj - další výskyt; Biografická poznámka - nově</subfield>
  </datafield>
</record>