

<record>
  <leader>     nz  a22     n  4500</leader>
  <datafield tag="900" ind1=" " ind2=" ">
    <subfield code="a">*J-NÁVRH</subfield>
  </datafield>
  <controlfield tag="001">mzk20201092711</controlfield>
  <controlfield tag="003">CZ PrNK</controlfield>
  <controlfield tag="005">20201112144636.0</controlfield>
  <controlfield tag="008">201112|n|aznnnaabn           n a|a      </controlfield>
  <datafield tag="024" ind1="7" ind2=" ">
    <subfield code="a">Q63213683</subfield>
    <subfield code="2">wikidata</subfield>
  </datafield>
  <datafield tag="040" ind1=" " ind2=" ">
    <subfield code="a">BOA001</subfield>
    <subfield code="b">cze</subfield>
    <subfield code="e">rda</subfield>
  </datafield>
  <datafield tag="046" ind1=" " ind2=" ">
    <subfield code="f">1947</subfield>
  </datafield>
  <datafield tag="100" ind1="1" ind2=" ">
    <subfield code="a">Hemminki, Kari,</subfield>
    <subfield code="d">1947-</subfield>
    <subfield code="7">mzk20201092711</subfield>
  </datafield>
  <datafield tag="370" ind1=" " ind2=" ">
    <subfield code="c">Finsko</subfield>
    <subfield code="f">Německo</subfield>
    <subfield code="f">Spojené státy americké</subfield>
    <subfield code="f">Švédsko</subfield>
    <subfield code="f">Velká Británie</subfield>
  </datafield>
  <datafield tag="372" ind1=" " ind2=" ">
    <subfield code="a">molekulární epidemiologie</subfield>
    <subfield code="a">genetická toxikologie</subfield>
    <subfield code="a">genomika</subfield>
    <subfield code="a">nádorová onemocnění</subfield>
    <subfield code="a">lékařský výzkum</subfield>
  </datafield>
  <datafield tag="374" ind1=" " ind2=" ">
    <subfield code="a">lékaři</subfield>
    <subfield code="a">genetici</subfield>
    <subfield code="a">epidemiologové</subfield>
    <subfield code="a">vědci</subfield>
    <subfield code="a">vysokoškolští učitelé</subfield>
  </datafield>
  <datafield tag="375" ind1=" " ind2=" ">
    <subfield code="a">muž</subfield>
  </datafield>
  <datafield tag="377" ind1=" " ind2=" ">
    <subfield code="a">fin</subfield>
    <subfield code="a">eng</subfield>
  </datafield>
  <datafield tag="670" ind1=" " ind2=" ">
    <subfield code="a">Hemminki, Kari: Plasma membranes isolated from immature brain cells, 1973</subfield>
  </datafield>
  <datafield tag="670" ind1=" " ind2=" ">
    <subfield code="a">www(Helsingin yliopiston kirjasto - Suomen kansalliskirjasto), cit. 12. 11. 2020</subfield>
    <subfield code="b">autoritní forma</subfield>
  </datafield>
  <datafield tag="670" ind1=" " ind2=" ">
    <subfield code="a">www(Yumpu), cit. 12. 11. 2020</subfield>
    <subfield code="b">biografické údaje, rok narození</subfield>
    <subfield code="u">https://www.yumpu.com/en/document/read/30814713/prof-dr-kari-hemminki</subfield>
  </datafield>
  <datafield tag="670" ind1=" " ind2=" ">
    <subfield code="a">www( Univerzita Karlova. Lékařská fakulta), cit. 12. 11. 2020</subfield>
    <subfield code="b">biografické údaje</subfield>
    <subfield code="u">http://www.lfp.cuni.cz/clanek/4855-misto-era-chair-na-lekarske-fakulte-v-plzni-ziskal-kari-hemminki.html</subfield>
  </datafield>
  <datafield tag="678" ind1="0" ind2=" ">
    <subfield code="a">Finský lékař, genetik, epidemiolog, vědec a vysokoškolský učitel zaměřený na výzkum, léčbu a prevenci rakoviny. Působil též v Německu, Spojených státech amerických, Švédsku a Velké Británii.</subfield>
  </datafield>
  <datafield tag="906" ind1=" " ind2=" ">
    <subfield code="a">za20201112</subfield>
    <subfield code="b">svobal</subfield>
  </datafield>
</record>