

<record>
  <leader>     cz  a22     n  4500</leader>
  <controlfield tag="001">ko20201092731</controlfield>
  <controlfield tag="003">CZ PrNK</controlfield>
  <controlfield tag="005">20201113104313.0</controlfield>
  <controlfield tag="008">201112|n|aznnnaabn           n a|a      </controlfield>
  <datafield tag="040" ind1=" " ind2=" ">
    <subfield code="a">ABA001</subfield>
    <subfield code="b">cze</subfield>
    <subfield code="d">ABA001</subfield>
    <subfield code="e">rda</subfield>
  </datafield>
  <datafield tag="110" ind1="1" ind2=" ">
    <subfield code="a">Česko.</subfield>
    <subfield code="b">Ministerstvo práce a sociálních věcí.</subfield>
    <subfield code="b">Odbor trhu práce a podpory výzkumu a vývoje</subfield>
    <subfield code="7">ko20201092731</subfield>
  </datafield>
  <datafield tag="368" ind1=" " ind2=" ">
    <subfield code="a">ministerstva práce a sociálních věcí</subfield>
    <subfield code="a">ministerstva</subfield>
  </datafield>
  <datafield tag="370" ind1=" " ind2=" ">
    <subfield code="c">Česko</subfield>
    <subfield code="e">Praha, Česko</subfield>
  </datafield>
  <datafield tag="372" ind1=" " ind2=" ">
    <subfield code="a">trh práce</subfield>
    <subfield code="a">výzkum a vývoj</subfield>
  </datafield>
  <datafield tag="377" ind1=" " ind2=" ">
    <subfield code="a">cze</subfield>
  </datafield>
  <datafield tag="410" ind1="2" ind2=" ">
    <subfield code="a">Odbor trhu práce a podpory výzkumu a vývoje Ministerstva práce a sociálních věcí ČR</subfield>
    <subfield code="0">o</subfield>
  </datafield>
  <datafield tag="410" ind1="2" ind2=" ">
    <subfield code="a">Odbor trhu práce a podpory výzkumu a vývoje MPSV ČR</subfield>
    <subfield code="0">o</subfield>
  </datafield>
  <datafield tag="510" ind1="1" ind2=" ">
    <subfield code="w">a</subfield>
    <subfield code="a">Česko.</subfield>
    <subfield code="b">Ministerstvo práce a sociálních věcí.</subfield>
    <subfield code="b">Odbor trhu práce</subfield>
    <subfield code="7">kn20020920008</subfield>
  </datafield>
  <datafield tag="665" ind1=" " ind2=" ">
    <subfield code="a">Dřívější název: Odbor trhu práce.</subfield>
  </datafield>
  <datafield tag="670" ind1=" " ind2=" ">
    <subfield code="a">Statistická ročenka trhu práce v České republice ... / Ministerstvo práce a sociálních věcí České republiky, Správa služeb zaměstnanosti</subfield>
  </datafield>
  <datafield tag="670" ind1=" " ind2=" ">
    <subfield code="a">www(Ministerstvo práce a sociálních věcí ČR), cit. 13. 11. 2020</subfield>
  </datafield>
  <datafield tag="906" ind1=" " ind2=" ">
    <subfield code="a">za20201112</subfield>
    <subfield code="b">albr</subfield>
  </datafield>
  <datafield tag="906" ind1=" " ind2=" ">
    <subfield code="a">op20201113</subfield>
    <subfield code="b">svsv</subfield>
    <subfield code="c">Viz - nově; Zdroj - další výskyt; Další info - nově; Související místo - nově; Oblast působení - nově; Jazyk - nově</subfield>
  </datafield>
  <datafield tag="906" ind1=" " ind2=" ">
    <subfield code="a">op20201113</subfield>
    <subfield code="b">svsv</subfield>
    <subfield code="c">Viz též - nově; Komplexní poznámka - nově</subfield>
  </datafield>
</record>