

<record>
  <leader>     nz  a22     n  4500</leader>
  <datafield tag="900" ind1=" " ind2=" ">
    <subfield code="a">N-NÁVRH-VP</subfield>
  </datafield>
  <controlfield tag="001">kon20201092736</controlfield>
  <controlfield tag="003">CZ PrNK</controlfield>
  <controlfield tag="005">20201112184325.0</controlfield>
  <controlfield tag="008">201112|n|aznnnaabn           n a|a      </controlfield>
  <datafield tag="040" ind1=" " ind2=" ">
    <subfield code="a">ABA001</subfield>
    <subfield code="b">cze</subfield>
    <subfield code="e">rda</subfield>
  </datafield>
  <datafield tag="110" ind1="2" ind2=" ">
    <subfield code="a">British Library.</subfield>
    <subfield code="k">Rukopis.</subfield>
    <subfield code="n">MS Or. 3143</subfield>
    <subfield code="7">kon20201092736</subfield>
  </datafield>
  <datafield tag="670" ind1=" " ind2=" ">
    <subfield code="a">DADKHAH, Gholamreza, ed. a POURJAVADY, Reza, ed. Keys to the sciences: (Maqālīd al-ʿulūm): a gift for the Muzaffarid Shāh Shujāʿ on the definitions of technical terms = Maqālīd al-ʿulūm fī al-ḥudūd wa-r-rusūm. Leiden: Brill, [2020], ©2020.</subfield>
  </datafield>
  <datafield tag="678" ind1=" " ind2=" ">
    <subfield code="a">Maqālīd al-ʿulūm (Klíč k vědám), anonymní dílo podávající definice vědeckých pojmů. Arabský rukopis ze 14. století.</subfield>
  </datafield>
  <datafield tag="906" ind1=" " ind2=" ">
    <subfield code="a">za20201112</subfield>
    <subfield code="b">evko</subfield>
  </datafield>
</record>