

<record>
  <leader>     nz  a22     n  4500</leader>
  <controlfield tag="001">aun20201092750</controlfield>
  <controlfield tag="003">CZ PrNK</controlfield>
  <controlfield tag="005">20201113055250.0</controlfield>
  <controlfield tag="008">201113|n|aznnnaabn           n a|a      </controlfield>
  <datafield tag="040" ind1=" " ind2=" ">
    <subfield code="a">ABA001</subfield>
    <subfield code="b">cze</subfield>
    <subfield code="e">rda</subfield>
  </datafield>
  <datafield tag="100" ind1="1" ind2=" ">
    <subfield code="a">Rostand, Edmond,</subfield>
    <subfield code="d">1868-1918.</subfield>
    <subfield code="t">Romanesques.</subfield>
    <subfield code="l">Česky</subfield>
    <subfield code="7">aun20201092750</subfield>
  </datafield>
  <datafield tag="400" ind1="1" ind2=" ">
    <subfield code="a">Rostand, Edmond,</subfield>
    <subfield code="d">1868-1918.</subfield>
    <subfield code="t">Romantikové</subfield>
    <subfield code="0">o</subfield>
  </datafield>
  <datafield tag="667" ind1=" " ind2=" ">
    <subfield code="a">Úplný název: Les romanesques.</subfield>
  </datafield>
  <datafield tag="670" ind1=" " ind2=" ">
    <subfield code="a">BNF, cit. 13. 11. 2020</subfield>
  </datafield>
  <datafield tag="670" ind1=" " ind2=" ">
    <subfield code="a">www(Wikipedie, otevřená encyklopedie), cit. 13. 11. 2020</subfield>
  </datafield>
  <datafield tag="670" ind1=" " ind2=" ">
    <subfield code="a">Edmond Rostand: Romantikové. V Praze : Alois Hynek, [1910]</subfield>
  </datafield>
  <datafield tag="906" ind1=" " ind2=" ">
    <subfield code="a">br20201113</subfield>
    <subfield code="b">blau</subfield>
  </datafield>
  <datafield tag="906" ind1=" " ind2=" ">
    <subfield code="a">ks20201113</subfield>
    <subfield code="b">blau</subfield>
  </datafield>
</record>