

<record>
  <leader>     cz  a22     n  4500</leader>
  <controlfield tag="001">uk20201092766</controlfield>
  <controlfield tag="003">CZ PrNK</controlfield>
  <controlfield tag="005">20201113154620.0</controlfield>
  <controlfield tag="008">201113|n|aznnnaabn           n a|a      </controlfield>
  <datafield tag="024" ind1="7" ind2=" ">
    <subfield code="a">0000000120963945</subfield>
    <subfield code="2">isni</subfield>
  </datafield>
  <datafield tag="040" ind1=" " ind2=" ">
    <subfield code="a">ABC013</subfield>
    <subfield code="b">cze</subfield>
    <subfield code="d">ABA001</subfield>
    <subfield code="e">rda</subfield>
  </datafield>
  <datafield tag="046" ind1=" " ind2=" ">
    <subfield code="f">1874</subfield>
    <subfield code="g">1960</subfield>
  </datafield>
  <datafield tag="100" ind1="1" ind2=" ">
    <subfield code="a">Atholl, Katharine Marjory Stewart-Murray,</subfield>
    <subfield code="c">Duchess of,</subfield>
    <subfield code="d">1874-1960</subfield>
    <subfield code="7">uk20201092766</subfield>
  </datafield>
  <datafield tag="370" ind1=" " ind2=" ">
    <subfield code="a">Edinburgh, Skotsko</subfield>
    <subfield code="b">Edinburgh, Skotsko</subfield>
    <subfield code="c">Velká Británie</subfield>
  </datafield>
  <datafield tag="372" ind1=" " ind2=" ">
    <subfield code="a">politika</subfield>
  </datafield>
  <datafield tag="373" ind1=" " ind2=" ">
    <subfield code="a">Royal College of Music (Velká Británie)</subfield>
  </datafield>
  <datafield tag="374" ind1=" " ind2=" ">
    <subfield code="a">státní úřednice</subfield>
    <subfield code="a">političky</subfield>
  </datafield>
  <datafield tag="375" ind1=" " ind2=" ">
    <subfield code="a">žena</subfield>
  </datafield>
  <datafield tag="377" ind1=" " ind2=" ">
    <subfield code="a">eng</subfield>
  </datafield>
  <datafield tag="400" ind1="1" ind2=" ">
    <subfield code="a">Atholl, Katharine Marjory Ramsay Stewart-Murray,</subfield>
    <subfield code="c">Duchess of,</subfield>
    <subfield code="d">1874-1960</subfield>
    <subfield code="0">o</subfield>
  </datafield>
  <datafield tag="400" ind1="1" ind2=" ">
    <subfield code="a">Ramsay, Katharine Marjory,</subfield>
    <subfield code="d">1874-1960</subfield>
    <subfield code="0">o</subfield>
  </datafield>
  <datafield tag="400" ind1="1" ind2=" ">
    <subfield code="a">Stewart-Murray, Katharine,</subfield>
    <subfield code="d">1874-1960</subfield>
    <subfield code="0">o</subfield>
  </datafield>
  <datafield tag="400" ind1="0" ind2=" ">
    <subfield code="a">Katharine Marjory,</subfield>
    <subfield code="c">Duchess of Atholl,</subfield>
    <subfield code="d">1874-1960</subfield>
    <subfield code="0">o</subfield>
  </datafield>
  <datafield tag="400" ind1="0" ind2=" ">
    <subfield code="a">Duchess of Atholl,</subfield>
    <subfield code="d">1874-1960</subfield>
    <subfield code="0">o</subfield>
  </datafield>
  <datafield tag="670" ind1=" " ind2=" ">
    <subfield code="a">The Duchess of Atholl: Searchlight on Spain, 1938</subfield>
    <subfield code="b">odkaz viz</subfield>
  </datafield>
  <datafield tag="670" ind1=" " ind2=" ">
    <subfield code="a">LC (Names), cit. 13. 11. 2020</subfield>
    <subfield code="b">autoritní forma, odkazy viz, životní data, biografické údaje</subfield>
  </datafield>
  <datafield tag="670" ind1=" " ind2=" ">
    <subfield code="a">www(Wikipedia, the free encyclopedia), cit. 13. 11. 2020</subfield>
    <subfield code="b">biografické údaje</subfield>
    <subfield code="u">https://en.wikipedia.org/wiki/Katharine_Stewart-Murray,_Duchess_of_Atholl</subfield>
  </datafield>
  <datafield tag="678" ind1="0" ind2=" ">
    <subfield code="a">Britská státní úřednice a politička.</subfield>
  </datafield>
  <datafield tag="906" ind1=" " ind2=" ">
    <subfield code="a">za20201113</subfield>
    <subfield code="b">tsvar</subfield>
  </datafield>
  <datafield tag="906" ind1=" " ind2=" ">
    <subfield code="a">op20201113</subfield>
    <subfield code="b">maku</subfield>
    <subfield code="c">viz - oprava jména, viz - další výskyt, zdroj - další výskyt, 024 - nově</subfield>
  </datafield>
</record>