

<record>
  <leader>     nz  a22     n  4500</leader>
  <controlfield tag="001">kon20201092769</controlfield>
  <controlfield tag="003">CZ PrNK</controlfield>
  <controlfield tag="005">20201113081329.0</controlfield>
  <controlfield tag="008">201113|n|aznnnaabn           n a|a      </controlfield>
  <datafield tag="040" ind1=" " ind2=" ">
    <subfield code="a">ABA001</subfield>
    <subfield code="b">cze</subfield>
    <subfield code="e">rda</subfield>
  </datafield>
  <datafield tag="110" ind1="2" ind2=" ">
    <subfield code="a">České srdce - zemská prázdninová péče v Brně (organizace).</subfield>
    <subfield code="t">Výroční zpráva (České srdce - zemská prázdninová péče v Brně (organizace))</subfield>
    <subfield code="7">kon20201092769</subfield>
  </datafield>
  <datafield tag="410" ind1="2" ind2=" ">
    <subfield code="a">České srdce - zemská prázdninová péče v Brně (organizace).</subfield>
    <subfield code="t">Výroční zpráva Českého srdce - zemské prázdninové péče v Brně</subfield>
    <subfield code="0">o</subfield>
  </datafield>
  <datafield tag="670" ind1=" " ind2=" ">
    <subfield code="a">Výroční zpráva Českého srdce - zemské prázdninové péče v Brně. V Brně : nákladem Českého srdce - zemské prázdninové péče, [1928?-1943?]</subfield>
  </datafield>
  <datafield tag="906" ind1=" " ind2=" ">
    <subfield code="a">br20201113</subfield>
    <subfield code="b">juri</subfield>
  </datafield>
  <datafield tag="906" ind1=" " ind2=" ">
    <subfield code="a">ks20201113</subfield>
    <subfield code="b">juri</subfield>
  </datafield>
</record>