

<record>
  <leader>     nz  a22     n  4500</leader>
  <controlfield tag="001">kon20201092771</controlfield>
  <controlfield tag="003">CZ PrNK</controlfield>
  <controlfield tag="005">20201113082320.0</controlfield>
  <controlfield tag="008">201113|n|aznnnaabn           n a|a      </controlfield>
  <datafield tag="040" ind1=" " ind2=" ">
    <subfield code="a">ABA001</subfield>
    <subfield code="b">cze</subfield>
    <subfield code="e">rda</subfield>
  </datafield>
  <datafield tag="110" ind1="2" ind2=" ">
    <subfield code="a">Vědecké ústavy pivovarské v Praze (firma).</subfield>
    <subfield code="t">Výroční zpráva (Vědecké ústavy pivovarské v Praze (firma))</subfield>
    <subfield code="7">kon20201092771</subfield>
  </datafield>
  <datafield tag="410" ind1="2" ind2=" ">
    <subfield code="a">Vědecké ústavy pivovarské v Praze (firma).</subfield>
    <subfield code="t">Vědecké ústavy pivovarské v Praze - zpráva o činnosti</subfield>
    <subfield code="0">o</subfield>
  </datafield>
  <datafield tag="670" ind1=" " ind2=" ">
    <subfield code="a">Zpráva o činnosti : Vědecké ústavy pivovarské v Praze. [Praha] : [nakladatel není známý], [1915-1950?]</subfield>
  </datafield>
  <datafield tag="906" ind1=" " ind2=" ">
    <subfield code="a">br20201113</subfield>
    <subfield code="b">juri</subfield>
  </datafield>
  <datafield tag="906" ind1=" " ind2=" ">
    <subfield code="a">ks20201113</subfield>
    <subfield code="b">juri</subfield>
  </datafield>
</record>