

<record>
  <leader>     nz  a22     n  4500</leader>
  <controlfield tag="001">kon20201092773</controlfield>
  <controlfield tag="003">CZ PrNK</controlfield>
  <controlfield tag="005">20201113084336.0</controlfield>
  <controlfield tag="008">201113|n|aznnnaabn           n a|a      </controlfield>
  <datafield tag="040" ind1=" " ind2=" ">
    <subfield code="a">ABA001</subfield>
    <subfield code="b">cze</subfield>
    <subfield code="e">rda</subfield>
  </datafield>
  <datafield tag="110" ind1="2" ind2=" ">
    <subfield code="a">Spolek ku podporování a zaopatřování propuštěných trestanců v Praze.</subfield>
    <subfield code="t">Výroční zpráva (Spolek ku podporování a zaopatřování propuštěných trestanců v Praze)</subfield>
    <subfield code="7">kon20201092773</subfield>
  </datafield>
  <datafield tag="410" ind1="2" ind2=" ">
    <subfield code="a">Spolek ku podporování a zaopatřování propuštěných trestanců v Praze.</subfield>
    <subfield code="t">Výroční zpráva Spolku ku podporování a zaopatřování propuštěných trestanců v Praze</subfield>
    <subfield code="0">o</subfield>
  </datafield>
  <datafield tag="670" ind1=" " ind2=" ">
    <subfield code="a">Výroční zpráva Spolku ku podporování a zaopatřování propuštěných trestanců v Praze. V Praze : nákladem spolku, [1896-1910?]</subfield>
  </datafield>
  <datafield tag="906" ind1=" " ind2=" ">
    <subfield code="a">br20201113</subfield>
    <subfield code="b">juri</subfield>
  </datafield>
  <datafield tag="906" ind1=" " ind2=" ">
    <subfield code="a">ks20201113</subfield>
    <subfield code="b">juri</subfield>
  </datafield>
</record>