

<record>
  <leader>     cz  a22     n  4500</leader>
  <datafield tag="900" ind1=" " ind2=" ">
    <subfield code="a">K-NÁVRH</subfield>
  </datafield>
  <controlfield tag="001">ko20201092778</controlfield>
  <controlfield tag="003">CZ PrNK</controlfield>
  <controlfield tag="005">20201113132027.0</controlfield>
  <controlfield tag="008">201113|n|aznnnaabn           n a|a      </controlfield>
  <datafield tag="040" ind1=" " ind2=" ">
    <subfield code="a">ABA001</subfield>
    <subfield code="b">cze</subfield>
    <subfield code="d">ABA001</subfield>
    <subfield code="e">rda</subfield>
  </datafield>
  <datafield tag="110" ind1="2" ind2=" ">
    <subfield code="a">Škola Jaroslava Ježka (Praha, Česko)</subfield>
    <subfield code="7">ko20201092778</subfield>
  </datafield>
  <datafield tag="368" ind1=" " ind2=" ">
    <subfield code="a">školy</subfield>
    <subfield code="a">speciální školy</subfield>
    <subfield code="a">základní školy</subfield>
    <subfield code="a">praktické školy</subfield>
    <subfield code="a">mateřské školy</subfield>
    <subfield code="a">základní umělecké školy</subfield>
  </datafield>
  <datafield tag="370" ind1=" " ind2=" ">
    <subfield code="c">Česko</subfield>
    <subfield code="e">Praha, Česko</subfield>
    <subfield code="e">Hradčany, Praha, Česko</subfield>
  </datafield>
  <datafield tag="372" ind1=" " ind2=" ">
    <subfield code="a">speciální školství</subfield>
    <subfield code="a">základní vzdělávání</subfield>
    <subfield code="a">předškolní výchova</subfield>
    <subfield code="a">umělecká výchova</subfield>
    <subfield code="a">výchova a vzdělávání</subfield>
    <subfield code="a">nevidomé děti</subfield>
    <subfield code="a">děti se zrakovým postižením</subfield>
    <subfield code="a">slabozraké děti</subfield>
  </datafield>
  <datafield tag="377" ind1=" " ind2=" ">
    <subfield code="a">cze</subfield>
  </datafield>
  <datafield tag="410" ind1="2" ind2=" ">
    <subfield code="a">Škola Jaroslava Ježka - mateřská škola, základní škola, praktická škola a základní umělecká škola pro zrakově postižené (Praha, Česko)</subfield>
    <subfield code="0">o</subfield>
  </datafield>
  <datafield tag="410" ind1="2" ind2=" ">
    <subfield code="a">Mateřská škola, základní škola, praktická škola a základní umělecká škola pro zrakově postižené (Praha, Česko)</subfield>
    <subfield code="0">o</subfield>
  </datafield>
  <datafield tag="670" ind1=" " ind2=" ">
    <subfield code="a">200 years, 1807-2007, Jaroslav Ježek School = 200 let, 1807-2007, Škola Jaroslava Ježka, 2007</subfield>
  </datafield>
  <datafield tag="670" ind1=" " ind2=" ">
    <subfield code="a">Horáčková, Markéta: Historie a současnost Základní školy Jaroslava Ježka v kontextu výuky českého jazyka (diplomová práce), 2015</subfield>
  </datafield>
  <datafield tag="670" ind1=" " ind2=" ">
    <subfield code="a">www(Škola Jaroslava Ježka), cit. 13. 11. 2020</subfield>
    <subfield code="u">http://www.skolajj.cz</subfield>
  </datafield>
  <datafield tag="678" ind1=" " ind2=" ">
    <subfield code="a">Název "Škola Jaroslava Ježka" se používá od r. 1991.</subfield>
  </datafield>
  <datafield tag="906" ind1=" " ind2=" ">
    <subfield code="a">za20201113</subfield>
    <subfield code="b">full</subfield>
  </datafield>
  <datafield tag="906" ind1=" " ind2=" ">
    <subfield code="a">op20201113</subfield>
    <subfield code="b">svsv</subfield>
    <subfield code="c">Viz - nově; Další info - doplnění; Oblast působení - doplnění; Zdroj - další výskyt</subfield>
  </datafield>
</record>