

<record>
  <leader>     nz  a22     n  4500</leader>
  <datafield tag="900" ind1=" " ind2=" ">
    <subfield code="a">J-NÁVRH-STT</subfield>
  </datafield>
  <controlfield tag="001">ntk20201092796</controlfield>
  <controlfield tag="003">CZ PrNK</controlfield>
  <controlfield tag="005">20201113221140.0</controlfield>
  <controlfield tag="008">201113|n|aznnnaabn           n a|a      </controlfield>
  <datafield tag="024" ind1="7" ind2=" ">
    <subfield code="a">0000000010810956</subfield>
    <subfield code="2">isni</subfield>
  </datafield>
  <datafield tag="024" ind1="7" ind2=" ">
    <subfield code="a">Q70971</subfield>
    <subfield code="2">wikidata</subfield>
  </datafield>
  <datafield tag="040" ind1=" " ind2=" ">
    <subfield code="a">ABA013</subfield>
    <subfield code="b">cze</subfield>
    <subfield code="e">rda</subfield>
  </datafield>
  <datafield tag="046" ind1=" " ind2=" ">
    <subfield code="f">1691</subfield>
    <subfield code="g">1741</subfield>
  </datafield>
  <datafield tag="100" ind1="0" ind2=" ">
    <subfield code="a">Wilhelm Heinrich,</subfield>
    <subfield code="c">sasko-eisenašský vévoda,</subfield>
    <subfield code="d">1691-1741</subfield>
    <subfield code="7">ntk20201092796</subfield>
  </datafield>
  <datafield tag="368" ind1=" " ind2=" ">
    <subfield code="d">Herzog von Sachsen-Eisenach</subfield>
    <subfield code="s">1729</subfield>
    <subfield code="t">1741</subfield>
  </datafield>
  <datafield tag="370" ind1=" " ind2=" ">
    <subfield code="a">Oranjewoud, Heerenveen, Nizozemsko</subfield>
    <subfield code="b">Eisenach, Německo</subfield>
    <subfield code="c">Německo</subfield>
    <subfield code="f">Eisenach, Německo</subfield>
    <subfield code="f">Sasko, Německo</subfield>
  </datafield>
  <datafield tag="372" ind1=" " ind2=" ">
    <subfield code="a">politika</subfield>
    <subfield code="a">vojenství</subfield>
    <subfield code="a">válečnictví</subfield>
  </datafield>
  <datafield tag="374" ind1=" " ind2=" ">
    <subfield code="a">šlechtici</subfield>
    <subfield code="a">vévodové</subfield>
    <subfield code="a">vojáci</subfield>
  </datafield>
  <datafield tag="375" ind1=" " ind2=" ">
    <subfield code="a">muž</subfield>
  </datafield>
  <datafield tag="377" ind1=" " ind2=" ">
    <subfield code="a">lat</subfield>
    <subfield code="a">ger</subfield>
  </datafield>
  <datafield tag="400" ind1="0" ind2=" ">
    <subfield code="a">Wilhelm Heinrich,</subfield>
    <subfield code="c">Sachsen-Eisenach, Herzog,</subfield>
    <subfield code="d">1691-1741</subfield>
    <subfield code="0">o</subfield>
  </datafield>
  <datafield tag="400" ind1="0" ind2=" ">
    <subfield code="a">Wilhelm Heinrich,</subfield>
    <subfield code="c">Sachsen, Herzog,</subfield>
    <subfield code="d">1691-1741</subfield>
    <subfield code="0">o</subfield>
  </datafield>
  <datafield tag="400" ind1="0" ind2=" ">
    <subfield code="a">Guilelmus Henricus,</subfield>
    <subfield code="c">Saxonia, Dux,</subfield>
    <subfield code="d">1691-1741</subfield>
    <subfield code="0">o</subfield>
  </datafield>
  <datafield tag="400" ind1="0" ind2=" ">
    <subfield code="a">Wilhelm Henrich,</subfield>
    <subfield code="c">Sachsen-Jülich-Cleve-Berg, Herzog,</subfield>
    <subfield code="d">1691-1741</subfield>
    <subfield code="0">o</subfield>
  </datafield>
  <datafield tag="400" ind1="0" ind2=" ">
    <subfield code="a">Wilhelmus Henricus,</subfield>
    <subfield code="c">Saxonia, Dux,</subfield>
    <subfield code="d">1691-1741</subfield>
    <subfield code="0">o</subfield>
  </datafield>
  <datafield tag="400" ind1="0" ind2=" ">
    <subfield code="a">Wilhelmus Heinricus,</subfield>
    <subfield code="c">Saxonia, Dux,</subfield>
    <subfield code="d">1691-1741</subfield>
    <subfield code="0">o</subfield>
  </datafield>
  <datafield tag="400" ind1="0" ind2=" ">
    <subfield code="a">Guilielmus Henricus,</subfield>
    <subfield code="c">Saxonia, Dux,</subfield>
    <subfield code="d">1691-1741</subfield>
    <subfield code="0">o</subfield>
  </datafield>
  <datafield tag="400" ind1="0" ind2=" ">
    <subfield code="a">Guillaume Henri,</subfield>
    <subfield code="c">Saxe, Duce,</subfield>
    <subfield code="d">1691-1741</subfield>
    <subfield code="0">o</subfield>
  </datafield>
  <datafield tag="400" ind1="0" ind2=" ">
    <subfield code="a">Guillaume-Henri,</subfield>
    <subfield code="c">duc de Saxe-Eisenach,</subfield>
    <subfield code="d">1691-1741</subfield>
    <subfield code="0">o</subfield>
  </datafield>
  <datafield tag="400" ind1="0" ind2=" ">
    <subfield code="a">Wilhelm Heinrich,</subfield>
    <subfield code="c">Herzog von Sachsen-Eisenach,</subfield>
    <subfield code="d">1691-1741</subfield>
    <subfield code="0">o</subfield>
  </datafield>
  <datafield tag="400" ind1="0" ind2=" ">
    <subfield code="a">Vilém Jindřich,</subfield>
    <subfield code="c">sasko-eisenašský vévoda,</subfield>
    <subfield code="d">1691-1741</subfield>
    <subfield code="0">o</subfield>
  </datafield>
  <datafield tag="667" ind1=" " ind2=" ">
    <subfield code="a">http://d-nb.info/gnd/102911002.</subfield>
  </datafield>
  <datafield tag="670" ind1=" " ind2=" ">
    <subfield code="a">DE LATERNA MAGICA DISSERTATIO: QVAM DIVINIS AVSPICIIS RECTORE MAGNIFICENTISIMO ... DOM. VVILHELMO HENRICO DVCE SAXIONAE ...consentiente inclito philosohorum ordine SVB PRAESIDIO M. FRID. HANNIBALIS STEMPEL Coburgensis publico eruditorum examini submittit MATTH. CHRISTIANVS MVLLER Colberga-Pomeranus. IENAE: TYPIS NISIANIS EXCVDEBAT HENRICVS BEYERVS, 1704</subfield>
    <subfield code="b">odkaz viz</subfield>
    <subfield code="u">http://nbn-resolving.de/urn:nbn:de:gbv:3:1-425622</subfield>
  </datafield>
  <datafield tag="670" ind1=" " ind2=" ">
    <subfield code="a">DNB, cit. 23. 10. 2020</subfield>
    <subfield code="b">autoritní forma, odkazy viz, datum narození a úmrtí</subfield>
    <subfield code="u">http://d-nb.info/gnd/102911002</subfield>
  </datafield>
  <datafield tag="670" ind1=" " ind2=" ">
    <subfield code="a">www(Wikipedia, die freie Enzyklopädie), cit. 13. 11. 2020</subfield>
    <subfield code="b">místo narození a úmrtí, biografické a profesní údaje</subfield>
    <subfield code="u">https://de.wikipedia.org/wiki/Wilhelm_Heinrich_(Sachsen-Eisenach)</subfield>
  </datafield>
  <datafield tag="675" ind1=" " ind2=" ">
    <subfield code="a">Drška, Václav et al.: Encyklopedie osobností Evropy od starověku do současnosti. 1. vyd. Praha: Nakladatelský dům OP, 1993</subfield>
  </datafield>
  <datafield tag="678" ind1="0" ind2=" ">
    <subfield code="a">Německý šlechtic, člen ernestinské linie rodu Wettinů. Byl synem Johanna Wilhelma, sasko-eisenašského vévody (1666-1729). Byl zároveň posledním vévodou sasko-eisenašským, vládl v letech 1729-1741. Působil ve vojenských císařských službách. V publikacích 17. století vystupoval jako dedikant.</subfield>
  </datafield>
  <datafield tag="856" ind1="4" ind2="2">
    <subfield code="u">https://de.wikipedia.org/wiki/Wilhelm_Heinrich_(Sachsen-Eisenach)</subfield>
    <subfield code="4">N</subfield>
  </datafield>
  <datafield tag="906" ind1=" " ind2=" ">
    <subfield code="a">za20201113</subfield>
    <subfield code="b">evbr</subfield>
  </datafield>
  <datafield tag="906" ind1=" " ind2=" ">
    <subfield code="a">ko20201113</subfield>
    <subfield code="b">evbr</subfield>
  </datafield>
</record>