

<record>
  <leader>     nz  a22     n  4500</leader>
  <datafield tag="900" ind1=" " ind2=" ">
    <subfield code="a">*J-NÁVRH-STT</subfield>
  </datafield>
  <controlfield tag="001">ola20201092799</controlfield>
  <controlfield tag="003">CZ PrNK</controlfield>
  <controlfield tag="005">20201113110048.0</controlfield>
  <controlfield tag="008">201113|n|aznnnaabn           n a|a      </controlfield>
  <datafield tag="040" ind1=" " ind2=" ">
    <subfield code="a">OLA001</subfield>
    <subfield code="b">cze</subfield>
    <subfield code="e">rda</subfield>
  </datafield>
  <datafield tag="046" ind1=" " ind2=" ">
    <subfield code="f">1729</subfield>
    <subfield code="g">1785</subfield>
  </datafield>
  <datafield tag="100" ind1="1" ind2=" ">
    <subfield code="a">Pino z Friedenthalu, Josef Maria,</subfield>
    <subfield code="d">1729-1785,</subfield>
    <subfield code="c">svobodný pán</subfield>
    <subfield code="7">ola20201092799</subfield>
  </datafield>
  <datafield tag="370" ind1=" " ind2=" ">
    <subfield code="c">Česko</subfield>
    <subfield code="c">Rakousko, 1526-1804</subfield>
    <subfield code="f">Brno, Česko</subfield>
    <subfield code="f">Vídeň, Rakousko</subfield>
  </datafield>
  <datafield tag="372" ind1=" " ind2=" ">
    <subfield code="a">státní správa</subfield>
  </datafield>
  <datafield tag="373" ind1=" " ind2=" ">
    <subfield code="a">Moravské zemské gubernium</subfield>
    <subfield code="a">Česká dvorská kancelář</subfield>
  </datafield>
  <datafield tag="374" ind1=" " ind2=" ">
    <subfield code="a">úředníci</subfield>
  </datafield>
  <datafield tag="375" ind1=" " ind2=" ">
    <subfield code="a">muž</subfield>
  </datafield>
  <datafield tag="400" ind1="1" ind2=" ">
    <subfield code="a">&lt;&lt;von&gt;&gt; Friedenthal, Joseph Maria,</subfield>
    <subfield code="d">1729-1785</subfield>
    <subfield code="0">o</subfield>
  </datafield>
  <datafield tag="670" ind1=" " ind2=" ">
    <subfield code="a">Mašek, Petr: Šlechtické rody v Čechách, na Moravě a ve Slezsku od Bílé hory do současnosti. N-Ž, 2010</subfield>
    <subfield code="b">autoritní forma, biografické údaje</subfield>
  </datafield>
  <datafield tag="670" ind1=" " ind2=" ">
    <subfield code="a">Ottův slovník naučný. Devatenáctý díl. Praha : J. Otto, 1902</subfield>
    <subfield code="b">biografické údaje</subfield>
  </datafield>
  <datafield tag="670" ind1=" " ind2=" ">
    <subfield code="a">Borotínský zpravodaj, září 2015</subfield>
    <subfield code="b">biografické údaje</subfield>
    <subfield code="u">https://www.obecborotin.cz/file.php?nid=10265&amp;oid=4539933</subfield>
  </datafield>
  <datafield tag="670" ind1=" " ind2=" ">
    <subfield code="a">Chokier, Erasme de: Erasmi a Chokier... Tractatus absolutissimus de jurisdictione ordinarii in exemptos, deque illorum exemptione ab ordinaria jurisdictione ...(Na vlepeném exlibris hrabat Vetterů z Lilie rukou připsáno také: "Joseph Maria von Friedenthal"), 1684</subfield>
    <subfield code="b">odkaz viz</subfield>
  </datafield>
  <datafield tag="678" ind1="0" ind2=" ">
    <subfield code="a">Narozen 16.6. 1729, zemřel 9.1. 1785. Pocházel z rodiny Pinů, jejíž kořeny sahají do 12. století do italské Lombardie. Syn Johanna Antona z Friedenthalu, který se usadil ve 2. pol. 17. století v Opavě. Josef Maria byl od 60. let 18. století přísedící a rada moravského gubernia, poté dvorní rada při české kanceláři ve Vídni, v roce 1776 povýšen do českého stavu svobodných pánů.</subfield>
  </datafield>
  <datafield tag="906" ind1=" " ind2=" ">
    <subfield code="a">za20201113</subfield>
    <subfield code="b">petra</subfield>
  </datafield>
</record>