

<record>
  <leader>     nz  a22     n  4500</leader>
  <datafield tag="900" ind1=" " ind2=" ">
    <subfield code="a">J-NÁVRH-STT</subfield>
  </datafield>
  <controlfield tag="001">ntk20201092810</controlfield>
  <controlfield tag="003">CZ PrNK</controlfield>
  <controlfield tag="005">20201113114836.0</controlfield>
  <controlfield tag="008">201113|n|aznnnaabn           n a|a      </controlfield>
  <datafield tag="024" ind1="7" ind2=" ">
    <subfield code="a">0000000061398527</subfield>
    <subfield code="2">isni</subfield>
  </datafield>
  <datafield tag="024" ind1="7" ind2=" ">
    <subfield code="a">Q38221086</subfield>
    <subfield code="2">wikidata</subfield>
  </datafield>
  <datafield tag="040" ind1=" " ind2=" ">
    <subfield code="a">ABA013</subfield>
    <subfield code="b">cze</subfield>
    <subfield code="e">rda</subfield>
  </datafield>
  <datafield tag="046" ind1=" " ind2=" ">
    <subfield code="f">1671</subfield>
    <subfield code="g">1741</subfield>
  </datafield>
  <datafield tag="100" ind1="1" ind2=" ">
    <subfield code="a">Wagner, Rudolf Christian,</subfield>
    <subfield code="d">1671-1741</subfield>
    <subfield code="7">ntk20201092810</subfield>
  </datafield>
  <datafield tag="368" ind1=" " ind2=" ">
    <subfield code="d">Dr. med.</subfield>
    <subfield code="s">1708</subfield>
  </datafield>
  <datafield tag="368" ind1=" " ind2=" ">
    <subfield code="d">Professor für Physik</subfield>
    <subfield code="s">1706</subfield>
  </datafield>
  <datafield tag="368" ind1=" " ind2=" ">
    <subfield code="d">Professor für Mathematik</subfield>
    <subfield code="s">1701</subfield>
  </datafield>
  <datafield tag="368" ind1=" " ind2=" ">
    <subfield code="d">Dr. phil.</subfield>
    <subfield code="s">1694</subfield>
  </datafield>
  <datafield tag="370" ind1=" " ind2=" ">
    <subfield code="a">Nesselröden, Herleshausen, Německo</subfield>
    <subfield code="b">Helmstedt, Německo</subfield>
    <subfield code="c">Německo</subfield>
    <subfield code="f">Helmstedt, Německo</subfield>
    <subfield code="f">Jena, Německo</subfield>
    <subfield code="f">Hannover, Německo</subfield>
  </datafield>
  <datafield tag="372" ind1=" " ind2=" ">
    <subfield code="a">matematika</subfield>
    <subfield code="a">geometrie</subfield>
    <subfield code="a">fyzika</subfield>
    <subfield code="a">lékařství</subfield>
    <subfield code="a">filozofie</subfield>
  </datafield>
  <datafield tag="373" ind1=" " ind2=" ">
    <subfield code="a">Universität Helmstedt</subfield>
    <subfield code="s">1700</subfield>
  </datafield>
  <datafield tag="374" ind1=" " ind2=" ">
    <subfield code="a">matematici</subfield>
    <subfield code="a">fyzici</subfield>
    <subfield code="a">lékaři</subfield>
    <subfield code="a">vysokoškolští učitelé</subfield>
  </datafield>
  <datafield tag="375" ind1=" " ind2=" ">
    <subfield code="a">muž</subfield>
  </datafield>
  <datafield tag="377" ind1=" " ind2=" ">
    <subfield code="a">lat</subfield>
    <subfield code="a">ger</subfield>
  </datafield>
  <datafield tag="400" ind1="1" ind2=" ">
    <subfield code="a">Wagner, Rudolph Christian,</subfield>
    <subfield code="d">1671-1741</subfield>
    <subfield code="0">o</subfield>
  </datafield>
  <datafield tag="400" ind1="1" ind2=" ">
    <subfield code="a">Wagner, Rudolf C.,</subfield>
    <subfield code="d">1671-1741</subfield>
    <subfield code="0">o</subfield>
  </datafield>
  <datafield tag="400" ind1="1" ind2=" ">
    <subfield code="a">Wagner, Rudolphus Christianus,</subfield>
    <subfield code="d">1671-1741</subfield>
    <subfield code="0">o</subfield>
  </datafield>
  <datafield tag="400" ind1="1" ind2=" ">
    <subfield code="a">Wagnerus, Rudolphus Christianus,</subfield>
    <subfield code="d">1671-1741</subfield>
    <subfield code="0">o</subfield>
  </datafield>
  <datafield tag="400" ind1="1" ind2=" ">
    <subfield code="a">Wagnerus, Rud. Christ.,</subfield>
    <subfield code="d">1671-1741</subfield>
    <subfield code="0">o</subfield>
  </datafield>
  <datafield tag="400" ind1="1" ind2=" ">
    <subfield code="a">VVagnervs, Rvd. Christianvs,</subfield>
    <subfield code="d">1671-1741</subfield>
    <subfield code="0">o</subfield>
  </datafield>
  <datafield tag="667" ind1=" " ind2=" ">
    <subfield code="a">http://d-nb.info/gnd/117560731.</subfield>
  </datafield>
  <datafield tag="670" ind1=" " ind2=" ">
    <subfield code="a">Q. D .B. V. EXAMEN METHODI RENALDINIANAE Ad POLYGONORVM OMNIVM ORDINATORVM INSCRIPTIONEM GENERALEM IN CIRCVLO, ... Praeaes M. Rvd. Christianvs VVagnervs et Respondens IOAN. CHRISTOPH. WAHRENDORF. Hanoveranus. [Helmstedt]: Typis GEORG WOLFGANGI HAMMI, Acad. Typogr., 1700</subfield>
    <subfield code="b">odkaz viz</subfield>
    <subfield code="u">http://diglib.hab.de/drucke/li-9428/start.htm</subfield>
  </datafield>
  <datafield tag="670" ind1=" " ind2=" ">
    <subfield code="a">DNB, cit. 13. 11. 2020</subfield>
    <subfield code="b">autoritní forma, odkazy viz, datum a místo narození a úmrtí</subfield>
    <subfield code="u">http://d-nb.info/gnd/117560731</subfield>
  </datafield>
  <datafield tag="670" ind1=" " ind2=" ">
    <subfield code="a">www(Wikipedia, die freie Enzyklopädie), cit. 13. 11. 2020</subfield>
    <subfield code="b">biografické a profesní údaje, národnost</subfield>
    <subfield code="u">https://de.wikipedia.org/wiki/Rudolf_Christian_Wagner</subfield>
  </datafield>
  <datafield tag="678" ind1="0" ind2=" ">
    <subfield code="a">Německý matematik, fyzik a vysokoškolský pedagog na Helmstedtské univerzitě (od 1701 profesor matematiky a od 1706 profesor fyziky). V letech 1698-1700 byl osobním tajemníkem Gottfrieda Wilhelma Leibnize (1646-1716) v Hannoveru. V r. 1708 získal také doktorát lékařství na Jenské univerzitě.</subfield>
  </datafield>
  <datafield tag="856" ind1="4" ind2="2">
    <subfield code="u">https://de.wikipedia.org/wiki/Rudolf_Christian_Wagner</subfield>
    <subfield code="4">N</subfield>
  </datafield>
  <datafield tag="906" ind1=" " ind2=" ">
    <subfield code="a">za20201113</subfield>
    <subfield code="b">evbr</subfield>
  </datafield>
  <datafield tag="906" ind1=" " ind2=" ">
    <subfield code="a">ko20201113</subfield>
    <subfield code="b">evbr</subfield>
  </datafield>
</record>