

<record>
  <leader>     nz  a22     n  4500</leader>
  <datafield tag="900" ind1=" " ind2=" ">
    <subfield code="a">J-NÁVRH-STT</subfield>
  </datafield>
  <controlfield tag="001">ntk20201092820</controlfield>
  <controlfield tag="003">CZ PrNK</controlfield>
  <controlfield tag="005">20201113221821.0</controlfield>
  <controlfield tag="008">201113|n|aznnnaabn           n a|a      </controlfield>
  <datafield tag="024" ind1="7" ind2=" ">
    <subfield code="a">Q41618745</subfield>
    <subfield code="2">wikidata</subfield>
  </datafield>
  <datafield tag="040" ind1=" " ind2=" ">
    <subfield code="a">ABA013</subfield>
    <subfield code="b">cze</subfield>
    <subfield code="e">rda</subfield>
  </datafield>
  <datafield tag="046" ind1=" " ind2=" ">
    <subfield code="f">1680</subfield>
    <subfield code="g">1753</subfield>
  </datafield>
  <datafield tag="100" ind1="1" ind2=" ">
    <subfield code="a">Wahrendorf, Johann Christoph,</subfield>
    <subfield code="d">1680-1753</subfield>
    <subfield code="7">ntk20201092820</subfield>
  </datafield>
  <datafield tag="368" ind1=" " ind2=" ">
    <subfield code="d">Dr.</subfield>
  </datafield>
  <datafield tag="370" ind1=" " ind2=" ">
    <subfield code="c">Německo</subfield>
    <subfield code="f">Hannover, Německo</subfield>
    <subfield code="f">Helmstedt, Německo</subfield>
    <subfield code="f">Wildeshausen, Německo</subfield>
    <subfield code="f">Verden, Německo</subfield>
  </datafield>
  <datafield tag="372" ind1=" " ind2=" ">
    <subfield code="a">evangelické církve</subfield>
    <subfield code="a">protestantská teologie</subfield>
    <subfield code="a">matematika</subfield>
    <subfield code="a">filozofie</subfield>
    <subfield code="a">metrologie</subfield>
  </datafield>
  <datafield tag="373" ind1=" " ind2=" ">
    <subfield code="a">Universität Helmstedt</subfield>
    <subfield code="t">1700</subfield>
  </datafield>
  <datafield tag="374" ind1=" " ind2=" ">
    <subfield code="a">protestantští duchovní</subfield>
    <subfield code="a">pastoři</subfield>
    <subfield code="a">kazatelé</subfield>
    <subfield code="a">superintendenti</subfield>
    <subfield code="a">poradci</subfield>
  </datafield>
  <datafield tag="375" ind1=" " ind2=" ">
    <subfield code="a">muž</subfield>
  </datafield>
  <datafield tag="377" ind1=" " ind2=" ">
    <subfield code="a">lat</subfield>
    <subfield code="a">ger</subfield>
  </datafield>
  <datafield tag="400" ind1="1" ind2=" ">
    <subfield code="a">Wahrendorf, Johannes Christoph,</subfield>
    <subfield code="d">1680-1753</subfield>
    <subfield code="0">o</subfield>
  </datafield>
  <datafield tag="400" ind1="1" ind2=" ">
    <subfield code="a">Wahrendorff, Johann Christoph,</subfield>
    <subfield code="d">1680-1753</subfield>
    <subfield code="0">o</subfield>
  </datafield>
  <datafield tag="400" ind1="1" ind2=" ">
    <subfield code="a">Wahrendorff, Johannes Christoph,</subfield>
    <subfield code="d">1680-1753</subfield>
    <subfield code="0">o</subfield>
  </datafield>
  <datafield tag="400" ind1="1" ind2=" ">
    <subfield code="a">Warendorff, Johann Christoph,</subfield>
    <subfield code="d">1680-1753</subfield>
    <subfield code="0">o</subfield>
  </datafield>
  <datafield tag="400" ind1="1" ind2=" ">
    <subfield code="a">Warendorff, Johannes Christoph,</subfield>
    <subfield code="d">1680-1753</subfield>
    <subfield code="0">o</subfield>
  </datafield>
  <datafield tag="400" ind1="1" ind2=" ">
    <subfield code="a">Wahrendorffius, Johannes Christophorus,</subfield>
    <subfield code="d">1680-1753</subfield>
    <subfield code="0">o</subfield>
  </datafield>
  <datafield tag="400" ind1="1" ind2=" ">
    <subfield code="a">Warendorffius, Johannes Christophorus,</subfield>
    <subfield code="d">1680-1753</subfield>
    <subfield code="0">o</subfield>
  </datafield>
  <datafield tag="400" ind1="1" ind2=" ">
    <subfield code="a">Wahrendorff, Joannes Christophorus,</subfield>
    <subfield code="d">1680-1753</subfield>
    <subfield code="0">o</subfield>
  </datafield>
  <datafield tag="400" ind1="1" ind2=" ">
    <subfield code="a">Wahrendorf, Joannes Christophorus,</subfield>
    <subfield code="d">1680-1753</subfield>
    <subfield code="0">o</subfield>
  </datafield>
  <datafield tag="400" ind1="1" ind2=" ">
    <subfield code="a">Wahrendorff, Joann Christoph,</subfield>
    <subfield code="d">1680-1753</subfield>
    <subfield code="0">o</subfield>
  </datafield>
  <datafield tag="400" ind1="1" ind2=" ">
    <subfield code="a">Wahrendorff, Ioan Christoph,</subfield>
    <subfield code="d">1680-1753</subfield>
    <subfield code="0">o</subfield>
  </datafield>
  <datafield tag="667" ind1=" " ind2=" ">
    <subfield code="a">http://d-nb.info/gnd/124672191.</subfield>
  </datafield>
  <datafield tag="670" ind1=" " ind2=" ">
    <subfield code="a">Q. D. B. V. EXAMEN METHODI RENALDINIANAE Ad POLYGONORVM OMNIVM ORDINATORVM INSCRIPTIONEM GENERALEM IN CIRCVLO, ... Praeaes M. Rvd. Christianvs VVagnervs et Respondens IOAN. CHRISTOPH. WAHRENDORF. Hanoveranus. [Helmstedt]: Typis GEORG WOLFGANGI HAMMI, Acad. Typogr., 1700</subfield>
    <subfield code="b">odkaz viz</subfield>
    <subfield code="u">http://diglib.hab.de/drucke/li-9428/start.htm</subfield>
  </datafield>
  <datafield tag="670" ind1=" " ind2=" ">
    <subfield code="a">DNB, cit. 13. 11. 2020</subfield>
    <subfield code="b">autoritní forma, odkazy viz, datum narození a úmrtí, biografické a profesní údaje</subfield>
    <subfield code="u">http://d-nb.info/gnd/124672191</subfield>
  </datafield>
  <datafield tag="678" ind1="0" ind2=" ">
    <subfield code="a">Německý protestantský duchovní, pastor v Hannoveru, superintendent ve Wildeshausenu a Verdenu. V r. 1700 obhájil disertaci na Helmstedtské univerzitě.</subfield>
  </datafield>
  <datafield tag="906" ind1=" " ind2=" ">
    <subfield code="a">za20201113</subfield>
    <subfield code="b">evbr</subfield>
  </datafield>
  <datafield tag="906" ind1=" " ind2=" ">
    <subfield code="a">ko20201110</subfield>
    <subfield code="b">evbr</subfield>
  </datafield>
</record>