

<record>
  <leader>     nz  a22     n  4500</leader>
  <datafield tag="900" ind1=" " ind2=" ">
    <subfield code="a">J-NÁVRH</subfield>
  </datafield>
  <controlfield tag="001">xx0253982</controlfield>
  <controlfield tag="003">CZ PrNK</controlfield>
  <controlfield tag="005">20201113120425.3</controlfield>
  <controlfield tag="008">201113|n|aznnnaabn           n a|a      </controlfield>
  <datafield tag="040" ind1=" " ind2=" ">
    <subfield code="a">ABG001</subfield>
    <subfield code="b">cze</subfield>
    <subfield code="e">rda</subfield>
  </datafield>
  <datafield tag="100" ind1="1" ind2=" ">
    <subfield code="a">Lalečka,</subfield>
    <subfield code="d">1941-2003</subfield>
    <subfield code="7">xx0253982</subfield>
  </datafield>
  <datafield tag="370" ind1=" " ind2=" ">
    <subfield code="a">Siedlce, Polsko</subfield>
    <subfield code="c">Polsko</subfield>
    <subfield code="c">Izrael</subfield>
    <subfield code="c">Spojené státy americké</subfield>
    <subfield code="f">New York, New York</subfield>
  </datafield>
  <datafield tag="372" ind1=" " ind2=" ">
    <subfield code="a">Židé</subfield>
    <subfield code="a">druhá světová válka (1939-1945)</subfield>
    <subfield code="a">kibucy</subfield>
    <subfield code="a">management</subfield>
  </datafield>
  <datafield tag="374" ind1=" " ind2=" ">
    <subfield code="a">přeživší holocaust</subfield>
    <subfield code="a">manažerky</subfield>
  </datafield>
  <datafield tag="375" ind1=" " ind2=" ">
    <subfield code="a">žena</subfield>
  </datafield>
  <datafield tag="400" ind1="1" ind2=" ">
    <subfield code="w">r</subfield>
    <subfield code="i">Rodné jméno:</subfield>
    <subfield code="a">Jablonová-Zonsheinová, Ráchel,</subfield>
    <subfield code="d">1941-2003</subfield>
    <subfield code="0">o</subfield>
  </datafield>
  <datafield tag="670" ind1=" " ind2=" ">
    <subfield code="a">Keidarová, Amira: Lalečka, 2020</subfield>
    <subfield code="b">autoritní forma, datum narození a úmrtí, odkaz viz, biografické údaje</subfield>
  </datafield>
  <datafield tag="678" ind1="0" ind2=" ">
    <subfield code="a">Zachráněná židovská holčička, která přežila druhou světovou válku. V dospělosti žila v kibucu v Izraeli, po té se přestěhovala do New Yorku, kde působila jako manažerka firmy.</subfield>
  </datafield>
  <datafield tag="906" ind1=" " ind2=" ">
    <subfield code="a">za20201113</subfield>
    <subfield code="b">xjiva</subfield>
  </datafield>
</record>