

<record>
  <leader>     nz  a22     n  4500</leader>
  <datafield tag="900" ind1=" " ind2=" ">
    <subfield code="a">*J-NÁVRH</subfield>
  </datafield>
  <controlfield tag="001">mzk20201092823</controlfield>
  <controlfield tag="003">CZ PrNK</controlfield>
  <controlfield tag="005">20201113122221.0</controlfield>
  <controlfield tag="008">201113|n|aznnnaabn           n a|a      </controlfield>
  <datafield tag="024" ind1="7" ind2=" ">
    <subfield code="a">Q36704739</subfield>
    <subfield code="2">wikidata</subfield>
  </datafield>
  <datafield tag="040" ind1=" " ind2=" ">
    <subfield code="a">BOA001</subfield>
    <subfield code="b">cze</subfield>
    <subfield code="e">rda</subfield>
  </datafield>
  <datafield tag="046" ind1=" " ind2=" ">
    <subfield code="f">1934</subfield>
  </datafield>
  <datafield tag="100" ind1="1" ind2=" ">
    <subfield code="a">Wornardt, Walter W.,</subfield>
    <subfield code="d">1934-</subfield>
    <subfield code="7">mzk20201092823</subfield>
  </datafield>
  <datafield tag="370" ind1=" " ind2=" ">
    <subfield code="c">Spojené státy americké</subfield>
  </datafield>
  <datafield tag="372" ind1=" " ind2=" ">
    <subfield code="a">botanika</subfield>
  </datafield>
  <datafield tag="374" ind1=" " ind2=" ">
    <subfield code="a">botanici</subfield>
  </datafield>
  <datafield tag="375" ind1=" " ind2=" ">
    <subfield code="a">muž</subfield>
  </datafield>
  <datafield tag="377" ind1=" " ind2=" ">
    <subfield code="a">eng</subfield>
  </datafield>
  <datafield tag="670" ind1=" " ind2=" ">
    <subfield code="a">Wornardt, Walter W.: Pleistocene diatoms from Mono and Panamint Lake Basins, California, 1964</subfield>
  </datafield>
  <datafield tag="670" ind1=" " ind2=" ">
    <subfield code="a">LC (Names), cit. 13. 11. 2020</subfield>
    <subfield code="b">autoritní forma</subfield>
  </datafield>
  <datafield tag="678" ind1="0" ind2=" ">
    <subfield code="a">Americký botanik.</subfield>
  </datafield>
  <datafield tag="906" ind1=" " ind2=" ">
    <subfield code="a">za20201113</subfield>
    <subfield code="b">basiil</subfield>
  </datafield>
</record>