

<record>
  <leader>     nz  a22     n  4500</leader>
  <datafield tag="900" ind1=" " ind2=" ">
    <subfield code="a">K-NÁVRH-STT</subfield>
  </datafield>
  <controlfield tag="001">ntk20201092829</controlfield>
  <controlfield tag="003">CZ PrNK</controlfield>
  <controlfield tag="005">20201113123735.0</controlfield>
  <controlfield tag="008">201113|n|aznnnaabn           n a|a      </controlfield>
  <datafield tag="040" ind1=" " ind2=" ">
    <subfield code="a">ABA013</subfield>
    <subfield code="b">cze</subfield>
    <subfield code="e">rda</subfield>
  </datafield>
  <datafield tag="110" ind1="2" ind2=" ">
    <subfield code="a">Officina Hammiana</subfield>
    <subfield code="7">ntk20201092829</subfield>
  </datafield>
  <datafield tag="368" ind1=" " ind2=" ">
    <subfield code="a">tiskárny</subfield>
    <subfield code="a">firy</subfield>
  </datafield>
  <datafield tag="370" ind1=" " ind2=" ">
    <subfield code="c">Německo</subfield>
    <subfield code="e">Helmstedt, Německo</subfield>
    <subfield code="s">1681</subfield>
    <subfield code="t">1733</subfield>
  </datafield>
  <datafield tag="372" ind1=" " ind2=" ">
    <subfield code="a">knihtisk</subfield>
    <subfield code="a">knižní produkce</subfield>
    <subfield code="a">knižní kultura</subfield>
  </datafield>
  <datafield tag="377" ind1=" " ind2=" ">
    <subfield code="a">lat</subfield>
  </datafield>
  <datafield tag="410" ind1="2" ind2=" ">
    <subfield code="a">Officina Hammiana Typographica</subfield>
    <subfield code="2">czelat</subfield>
    <subfield code="0">o</subfield>
  </datafield>
  <datafield tag="410" ind1="2" ind2=" ">
    <subfield code="a">Hammische Schriften (firma)</subfield>
    <subfield code="0">o</subfield>
  </datafield>
  <datafield tag="410" ind1="2" ind2=" ">
    <subfield code="a">Hammische Schrifften (firma)</subfield>
    <subfield code="0">o</subfield>
  </datafield>
  <datafield tag="410" ind1="2" ind2=" ">
    <subfield code="a">Literis Hammianis (firma)</subfield>
    <subfield code="2">czelat</subfield>
    <subfield code="0">o</subfield>
  </datafield>
  <datafield tag="410" ind1="2" ind2=" ">
    <subfield code="a">Litteris Hammianis (firma)</subfield>
    <subfield code="2">czelat</subfield>
    <subfield code="0">o</subfield>
  </datafield>
  <datafield tag="410" ind1="2" ind2=" ">
    <subfield code="a">Litterae Hammianae (firma)</subfield>
    <subfield code="2">czelat</subfield>
    <subfield code="0">o</subfield>
  </datafield>
  <datafield tag="410" ind1="2" ind2=" ">
    <subfield code="a">Literae Hammianae (firma)</subfield>
    <subfield code="2">czelat</subfield>
    <subfield code="0">o</subfield>
  </datafield>
  <datafield tag="410" ind1="2" ind2=" ">
    <subfield code="a">Litteris Hermanni Danielis Hammii (firma)</subfield>
    <subfield code="2">czelat</subfield>
    <subfield code="0">o</subfield>
  </datafield>
  <datafield tag="410" ind1="2" ind2=" ">
    <subfield code="a">Literis Hermanni Danielis Hammii (firma)</subfield>
    <subfield code="2">czelat</subfield>
    <subfield code="0">o</subfield>
  </datafield>
  <datafield tag="410" ind1="2" ind2=" ">
    <subfield code="a">Stanno Hammiano (firma)</subfield>
    <subfield code="2">czelat</subfield>
    <subfield code="0">o</subfield>
  </datafield>
  <datafield tag="410" ind1="2" ind2=" ">
    <subfield code="a">Sumptibus Hammianis (firma)</subfield>
    <subfield code="2">czelat</subfield>
    <subfield code="0">o</subfield>
  </datafield>
  <datafield tag="410" ind1="2" ind2=" ">
    <subfield code="a">Typis Hammianis (firma)</subfield>
    <subfield code="2">czelat</subfield>
    <subfield code="0">o</subfield>
  </datafield>
  <datafield tag="410" ind1="2" ind2=" ">
    <subfield code="a">Typis Herm. Danielis Hammii (firma)</subfield>
    <subfield code="2">czelat</subfield>
    <subfield code="0">o</subfield>
  </datafield>
  <datafield tag="410" ind1="2" ind2=" ">
    <subfield code="a">Typi Hermanni Danielis Hammii (firma)</subfield>
    <subfield code="2">czelat</subfield>
    <subfield code="0">o</subfield>
  </datafield>
  <datafield tag="410" ind1="2" ind2=" ">
    <subfield code="a">Typis Hermanni Danielis Hammii (firma)</subfield>
    <subfield code="2">czelat</subfield>
    <subfield code="0">o</subfield>
  </datafield>
  <datafield tag="410" ind1="2" ind2=" ">
    <subfield code="a">Typi Georg Wolfgangi Hammii (firma)</subfield>
    <subfield code="2">czelat</subfield>
    <subfield code="0">o</subfield>
  </datafield>
  <datafield tag="410" ind1="2" ind2=" ">
    <subfield code="a">Typis Georg Wolfgangi Hammii (firma)</subfield>
    <subfield code="2">czelat</subfield>
    <subfield code="0">o</subfield>
  </datafield>
  <datafield tag="410" ind1="2" ind2=" ">
    <subfield code="a">Typis Georg. Wolffgangi Hammii (firma)</subfield>
    <subfield code="2">czelat</subfield>
    <subfield code="0">o</subfield>
  </datafield>
  <datafield tag="410" ind1="2" ind2=" ">
    <subfield code="a">Typis Georgii Wolffgangi Hammii (firma)</subfield>
    <subfield code="2">czelat</subfield>
    <subfield code="0">o</subfield>
  </datafield>
  <datafield tag="410" ind1="2" ind2=" ">
    <subfield code="a">Typis Georg-Wolfgangi Hammii (firma)</subfield>
    <subfield code="2">czelat</subfield>
    <subfield code="0">o</subfield>
  </datafield>
  <datafield tag="410" ind1="2" ind2=" ">
    <subfield code="a">Typis G. W. Hammii (firma)</subfield>
    <subfield code="2">czelat</subfield>
    <subfield code="0">o</subfield>
  </datafield>
  <datafield tag="410" ind1="2" ind2=" ">
    <subfield code="a">Typographeum Academicum (Helmstedt, Německo)</subfield>
    <subfield code="2">czelat</subfield>
    <subfield code="0">o</subfield>
  </datafield>
  <datafield tag="410" ind1="2" ind2=" ">
    <subfield code="a">Typis Herm. Dan. Hammii (firma)</subfield>
    <subfield code="2">czelat</subfield>
    <subfield code="0">o</subfield>
  </datafield>
  <datafield tag="500" ind1="1" ind2=" ">
    <subfield code="a">Hamm, Georg Wolfgang,</subfield>
    <subfield code="d">1649-1715</subfield>
    <subfield code="7">jo2017953615</subfield>
  </datafield>
  <datafield tag="500" ind1="1" ind2=" ">
    <subfield code="a">Hamm, Hermann Daniel,</subfield>
    <subfield code="d">-1723</subfield>
    <subfield code="7">jo2017953664</subfield>
  </datafield>
  <datafield tag="665" ind1=" " ind2=" ">
    <subfield code="a">Zakladatel a majitel firmy: Hamm, Georg Wolfgang (1649-1715).</subfield>
    <subfield code="a">Majitel firmy: Hamm, Hermann Daniel (-1723).</subfield>
  </datafield>
  <datafield tag="667" ind1=" " ind2=" ">
    <subfield code="a">http://d-nb.info/gnd/1038488907.</subfield>
  </datafield>
  <datafield tag="670" ind1=" " ind2=" ">
    <subfield code="a">Q. D. B. V. EXAMEN METHODI RENALDINIANAE Ad POLYGONORVM OMNIVM ORDINATORVM INSCRIPTIONEM GENERALEM IN CIRCVLO, ... Praeaes M. Rvd. Christianvs VVagnervs et Respondens IOAN. CHRISTOPH. WAHRENDORF. Hanoveranus. [Helmstedt]: Typis GEORG WOLFGANGI HAMMI, Acad. Typogr., 1700</subfield>
    <subfield code="b">odkaz viz</subfield>
    <subfield code="u">http://diglib.hab.de/drucke/li-9428/start.htm</subfield>
  </datafield>
  <datafield tag="670" ind1=" " ind2=" ">
    <subfield code="a">DNB, cit. 13. 11. 2020</subfield>
    <subfield code="b">autoritní forma, odkazy viz, odkaz viz též, data a místo činnosti, údaje o firmě</subfield>
    <subfield code="u">http://d-nb.info/gnd/1038488907</subfield>
  </datafield>
  <datafield tag="675" ind1=" " ind2=" ">
    <subfield code="a">LC (Names), cit. 13. 11. 2020</subfield>
  </datafield>
  <datafield tag="678" ind1=" " ind2=" ">
    <subfield code="a">Německá tiskařská firma, činná v Helmstedtu v letech 1681-1733. Zakladatelem a prvním provozovatelem firmy byl tiskař Georg Wolfgang Hamm (1649-1715). Po jeho úmrtí firmu v letech 1715-1723 řídil jeho syn tiskař Hermann Daniel Hamm (zemřel 1723). Po jeho smrti převzali firmu dědicové „Hermann Daniel Hamm Erben“, vedeni vdovou Charlotte Marie Elisabeth Hamm, rozenou Mylius. V r. 1733 se stala firma akvizicí tiskaře Johanna Drimborna (činný 1733-1771) a jeho firmy Officina Drimborniana.</subfield>
  </datafield>
  <datafield tag="906" ind1=" " ind2=" ">
    <subfield code="a">za20201113</subfield>
    <subfield code="b">evbr</subfield>
  </datafield>
  <datafield tag="906" ind1=" " ind2=" ">
    <subfield code="a">ko20201113</subfield>
    <subfield code="b">evbr</subfield>
  </datafield>
</record>