

<record>
  <leader>     nz  a22     n  4500</leader>
  <datafield tag="900" ind1=" " ind2=" ">
    <subfield code="a">J-NÁVRH</subfield>
  </datafield>
  <controlfield tag="001">xx0253992</controlfield>
  <controlfield tag="003">CZ PrNK</controlfield>
  <controlfield tag="005">20201113123814.4</controlfield>
  <controlfield tag="008">201113|n|aznnnaabn           n a|a      </controlfield>
  <datafield tag="040" ind1=" " ind2=" ">
    <subfield code="a">CBA001</subfield>
    <subfield code="b">cze</subfield>
    <subfield code="e">rda</subfield>
  </datafield>
  <datafield tag="046" ind1=" " ind2=" ">
    <subfield code="g">1281</subfield>
  </datafield>
  <datafield tag="100" ind1="1" ind2=" ">
    <subfield code="a">Librarius, Jindřich,</subfield>
    <subfield code="d">-1281</subfield>
    <subfield code="7">xx0253992</subfield>
  </datafield>
  <datafield tag="368" ind1=" " ind2=" ">
    <subfield code="d">OPr</subfield>
  </datafield>
  <datafield tag="370" ind1=" " ind2=" ">
    <subfield code="b">České Budějovice, Česko</subfield>
    <subfield code="c">Česko</subfield>
  </datafield>
  <datafield tag="372" ind1=" " ind2=" ">
    <subfield code="a">mužské řeholní řády</subfield>
    <subfield code="a">církve</subfield>
  </datafield>
  <datafield tag="373" ind1=" " ind2=" ">
    <subfield code="a">Dominikáni</subfield>
  </datafield>
  <datafield tag="374" ind1=" " ind2=" ">
    <subfield code="a">mniši</subfield>
  </datafield>
  <datafield tag="375" ind1=" " ind2=" ">
    <subfield code="a">muž</subfield>
  </datafield>
  <datafield tag="400" ind1="1" ind2=" ">
    <subfield code="a">Liberal, Heinrich,</subfield>
    <subfield code="d">-1281</subfield>
    <subfield code="0">o</subfield>
  </datafield>
  <datafield tag="670" ind1=" " ind2=" ">
    <subfield code="a">Klášter ukrývá ostatky převora ze 13. století : archeologové včera v Českých Budějovicích nahlédli do dutiny kláštera na Piaristickém náměstí, kde by měly být ostatky jeho prvního převora Jindřicha Libraria. V zazděném výklenku jsou podle dochovaných materiálů ukryté od roku 1893 / Jakub Bartoš ; 2x foto: Petr Lundák, MAFRA, Foto: Václav Pancer, ČTK In: MF Dnes - Jihočeské vydání, 31.1.2019, s. 15</subfield>
    <subfield code="b">biografické údaje</subfield>
  </datafield>
  <datafield tag="670" ind1=" " ind2=" ">
    <subfield code="a">www (Wikipedie, Otevřená encyklopedie), cit. 7.2.2019</subfield>
    <subfield code="b">odkaz viz, biografické údaje, rok a místo úmrtí</subfield>
    <subfield code="u">https://cs.wikipedia.org/wiki/Jind%C5%99ich_Librarius</subfield>
  </datafield>
  <datafield tag="670" ind1=" " ind2=" ">
    <subfield code="a">Sborník z konference "Blahoslavený Jindřich Librarius O. P. a jeho význam pro současnost". Zlín : Academia Economia, 2020.</subfield>
    <subfield code="b">autoritní podoba, biografické údaje</subfield>
  </datafield>
  <datafield tag="670" ind1=" " ind2=" ">
    <subfield code="a">www (Encyklopedie Českých Budějovic), cit. 20.10.2020</subfield>
    <subfield code="b">autoritní podoba, biografické údaje</subfield>
    <subfield code="u">http://encyklopedie.c-budejovice.cz/clanek/librarius-jindrich_1</subfield>
  </datafield>
  <datafield tag="678" ind1="0" ind2=" ">
    <subfield code="a">Narozen na Moravě na přelomu 12. a 13. století, zemřel v roce 1281 v Českých Budějovicích. Podle tradované legendy první převor a spoluzakladatel dominikánského kláštera v Českých Budějovicích.</subfield>
  </datafield>
  <datafield tag="906" ind1=" " ind2=" ">
    <subfield code="a">za20201113</subfield>
    <subfield code="b">xmakru</subfield>
  </datafield>
</record>