

<record>
  <leader>     nz  a22     n  4500</leader>
  <datafield tag="900" ind1=" " ind2=" ">
    <subfield code="a">K-NÁVRH</subfield>
  </datafield>
  <controlfield tag="001">ko20201092862</controlfield>
  <controlfield tag="003">CZ PrNK</controlfield>
  <controlfield tag="005">20201113132033.0</controlfield>
  <controlfield tag="008">201113|n|aznnnaabn           n a|a      </controlfield>
  <datafield tag="040" ind1=" " ind2=" ">
    <subfield code="a">ABA001</subfield>
    <subfield code="b">cze</subfield>
    <subfield code="e">rda</subfield>
  </datafield>
  <datafield tag="110" ind1="2" ind2=" ">
    <subfield code="a">Český soukromý výchovný ústav a léčebný ústav pro slepé (Praha, Česko)</subfield>
    <subfield code="7">ko20201092862</subfield>
  </datafield>
  <datafield tag="410" ind1="2" ind2=" ">
    <subfield code="a">Český soukromý výchovný a léčebný ústav pro slepé (Praha, Česko)</subfield>
    <subfield code="0">o</subfield>
  </datafield>
  <datafield tag="510" ind1="2" ind2=" ">
    <subfield code="a">Hradčanský ústav pro výchovu slepých dětí (Praha, Česko)</subfield>
    <subfield code="7">kn20030829008</subfield>
  </datafield>
  <datafield tag="670" ind1=" " ind2=" ">
    <subfield code="a">www(Škola Jaroslava Ježka), cit. 13. 11. 2020</subfield>
    <subfield code="u">http://www.skolajj.cz</subfield>
  </datafield>
  <datafield tag="670" ind1=" " ind2=" ">
    <subfield code="a">Horáčková, Markéta: Historie a současnost Základní školy Jaroslava Ježka v kontextu výuky českého jazyka (diplomová práce), 2015</subfield>
  </datafield>
  <datafield tag="906" ind1=" " ind2=" ">
    <subfield code="a">br20201113</subfield>
    <subfield code="b">svsv</subfield>
  </datafield>
</record>