

<record>
  <leader>     nz  a22     n  4500</leader>
  <datafield tag="900" ind1=" " ind2=" ">
    <subfield code="a">K-NÁVRH</subfield>
  </datafield>
  <controlfield tag="001">ko20201092863</controlfield>
  <controlfield tag="003">CZ PrNK</controlfield>
  <controlfield tag="005">20201113132054.0</controlfield>
  <controlfield tag="008">201113|n|aznnnaabn           n a|a      </controlfield>
  <datafield tag="040" ind1=" " ind2=" ">
    <subfield code="a">ABA001</subfield>
    <subfield code="b">cze</subfield>
    <subfield code="e">rda</subfield>
  </datafield>
  <datafield tag="110" ind1="2" ind2=" ">
    <subfield code="a">Soukromý ústav pro slepé děti a na oči choré (Praha, Česko)</subfield>
    <subfield code="7">ko20201092863</subfield>
  </datafield>
  <datafield tag="368" ind1=" " ind2=" ">
    <subfield code="a">školy</subfield>
    <subfield code="a">speciální školy</subfield>
    <subfield code="a">vzdělávací instituce a organizace</subfield>
    <subfield code="a">ústavy sociální péče</subfield>
  </datafield>
  <datafield tag="370" ind1=" " ind2=" ">
    <subfield code="c">Česko</subfield>
    <subfield code="e">Praha, Česko</subfield>
    <subfield code="f">Rakousko, 1804-1867</subfield>
  </datafield>
  <datafield tag="372" ind1=" " ind2=" ">
    <subfield code="a">speciální školství</subfield>
    <subfield code="a">výchova a vzdělávání</subfield>
    <subfield code="a">nevidomé děti</subfield>
    <subfield code="a">děti se zrakovým postižením</subfield>
    <subfield code="a">slabozraké děti</subfield>
  </datafield>
  <datafield tag="377" ind1=" " ind2=" ">
    <subfield code="a">cze</subfield>
    <subfield code="a">ger</subfield>
  </datafield>
  <datafield tag="410" ind1="2" ind2=" ">
    <subfield code="a">Soukromý ústav pro slepé děti a na oči choré v Praze</subfield>
    <subfield code="0">o</subfield>
  </datafield>
  <datafield tag="410" ind1="2" ind2=" ">
    <subfield code="a">Pražský soukromý institut pro slepé děti a na oči choré</subfield>
    <subfield code="0">o</subfield>
  </datafield>
  <datafield tag="410" ind1="2" ind2=" ">
    <subfield code="a">Pražský soukromý institut pro chudé slepé děti a na oči choré</subfield>
    <subfield code="0">o</subfield>
  </datafield>
  <datafield tag="510" ind1="2" ind2=" ">
    <subfield code="w">b</subfield>
    <subfield code="a">Český soukromý výchovný ústav a léčebný ústav pro slepé (Praha, Česko)</subfield>
    <subfield code="7">ko20201092862</subfield>
  </datafield>
  <datafield tag="665" ind1=" " ind2=" ">
    <subfield code="a">Tento název se používal v letech 1807 (založení ústavu) -1838. Novější název: Český soukromý výchovný ústav a léčebný ústav pro slepé.</subfield>
  </datafield>
  <datafield tag="670" ind1=" " ind2=" ">
    <subfield code="a">www(Škola Jaroslava Ježka), cit. 13. 11. 2020</subfield>
    <subfield code="u">http://www.skolajj.cz</subfield>
  </datafield>
  <datafield tag="670" ind1=" " ind2=" ">
    <subfield code="a">Horáčková, Markéta: Historie a současnost Základní školy Jaroslava Ježka v kontextu výuky českého jazyka (diplomová práce), 2015</subfield>
  </datafield>
  <datafield tag="678" ind1=" " ind2=" ">
    <subfield code="a">Ústav vznikl v r. 1807.</subfield>
  </datafield>
  <datafield tag="906" ind1=" " ind2=" ">
    <subfield code="a">br20201113</subfield>
    <subfield code="b">svsv</subfield>
  </datafield>
</record>