

<record>
  <leader>     nz  a22     n  4500</leader>
  <datafield tag="900" ind1=" " ind2=" ">
    <subfield code="a">K-NÁVRH</subfield>
  </datafield>
  <controlfield tag="001">ko20201092869</controlfield>
  <controlfield tag="003">CZ PrNK</controlfield>
  <controlfield tag="005">20201113135919.0</controlfield>
  <controlfield tag="008">201113|n|aznnnaabn           n a|a      </controlfield>
  <datafield tag="040" ind1=" " ind2=" ">
    <subfield code="a">ABA001</subfield>
    <subfield code="b">cze</subfield>
    <subfield code="e">rda</subfield>
  </datafield>
  <datafield tag="111" ind1="2" ind2=" ">
    <subfield code="a">Magyar és nemzetközi névtani terminológia (konference)</subfield>
    <subfield code="d">(2017 :</subfield>
    <subfield code="c">Uppsala, Švédsko;</subfield>
    <subfield code="c">Budapest, Maďarsko)</subfield>
    <subfield code="7">ko20201092869</subfield>
  </datafield>
  <datafield tag="368" ind1=" " ind2=" ">
    <subfield code="a">mezinárodní konference</subfield>
  </datafield>
  <datafield tag="370" ind1=" " ind2=" ">
    <subfield code="c">Švédsko</subfield>
    <subfield code="c">Maďarsko</subfield>
    <subfield code="e">Uppsala, Švédsko</subfield>
    <subfield code="e">Budapest, Maďarsko</subfield>
  </datafield>
  <datafield tag="372" ind1=" " ind2=" ">
    <subfield code="a">onomastika</subfield>
  </datafield>
  <datafield tag="377" ind1=" " ind2=" ">
    <subfield code="a">hun</subfield>
    <subfield code="a">eng</subfield>
  </datafield>
  <datafield tag="670" ind1=" " ind2=" ">
    <subfield code="a">Bölcskei, Andrea - Farkas, Tamás - Slíz, Mariann: Magyar és nemzetközi névtani terminológia = Hungarian and international onomastic terminology</subfield>
  </datafield>
  <datafield tag="906" ind1=" " ind2=" ">
    <subfield code="a">za20201113</subfield>
    <subfield code="b">adri</subfield>
  </datafield>
</record>