

<record>
  <leader>     nz  a22     n  4500</leader>
  <controlfield tag="001">ko20201092878</controlfield>
  <controlfield tag="003">CZ PrNK</controlfield>
  <controlfield tag="005">20201113143153.0</controlfield>
  <controlfield tag="008">201113|n|aznnnaabn           n a|a      </controlfield>
  <datafield tag="040" ind1=" " ind2=" ">
    <subfield code="a">ABA001</subfield>
    <subfield code="b">cze</subfield>
    <subfield code="e">rda</subfield>
  </datafield>
  <datafield tag="110" ind1="2" ind2=" ">
    <subfield code="a">Československá obec sokolská.</subfield>
    <subfield code="b">Župa Šumavská</subfield>
    <subfield code="7">ko20201092878</subfield>
  </datafield>
  <datafield tag="368" ind1=" " ind2=" ">
    <subfield code="a">tělovýchovné organizace</subfield>
    <subfield code="a">sportovní organizace</subfield>
  </datafield>
  <datafield tag="370" ind1=" " ind2=" ">
    <subfield code="c">Česko</subfield>
  </datafield>
  <datafield tag="372" ind1=" " ind2=" ">
    <subfield code="a">tělovýchova</subfield>
    <subfield code="a">sokolské hnutí</subfield>
  </datafield>
  <datafield tag="377" ind1=" " ind2=" ">
    <subfield code="a">cze</subfield>
  </datafield>
  <datafield tag="410" ind1="2" ind2=" ">
    <subfield code="a">Československá obec sokolská.</subfield>
    <subfield code="b">Sokolská župa Šumavská</subfield>
    <subfield code="0">o</subfield>
  </datafield>
  <datafield tag="410" ind1="2" ind2=" ">
    <subfield code="a">Sokolská župa Šumavská</subfield>
    <subfield code="7">ko20201092878</subfield>
    <subfield code="0">o</subfield>
  </datafield>
  <datafield tag="410" ind1="2" ind2=" ">
    <subfield code="a">Župa Šumavská</subfield>
    <subfield code="7">ko20201092878</subfield>
    <subfield code="0">o</subfield>
  </datafield>
  <datafield tag="510" ind1="2" ind2=" ">
    <subfield code="w">b</subfield>
    <subfield code="a">Česká obec sokolská.</subfield>
    <subfield code="b">Župa Šumavská</subfield>
    <subfield code="7">pna2005272349</subfield>
  </datafield>
  <datafield tag="670" ind1=" " ind2=" ">
    <subfield code="a">www(Sokolská župa Šumavská), cit. 13. 11. 2020</subfield>
  </datafield>
  <datafield tag="906" ind1=" " ind2=" ">
    <subfield code="a">br20201113</subfield>
    <subfield code="b">adpi</subfield>
  </datafield>
</record>