

<record>
  <leader>     nz  a22     n  4500</leader>
  <datafield tag="900" ind1=" " ind2=" ">
    <subfield code="a">J-NÁVRH</subfield>
  </datafield>
  <controlfield tag="001">xx0254023</controlfield>
  <controlfield tag="003">CZ PrNK</controlfield>
  <controlfield tag="005">20201113165527.6</controlfield>
  <controlfield tag="008">201113|n|aznnnaabn           n a|a      </controlfield>
  <datafield tag="040" ind1=" " ind2=" ">
    <subfield code="a">OLD012</subfield>
    <subfield code="b">cze</subfield>
    <subfield code="e">rda</subfield>
  </datafield>
  <datafield tag="100" ind1="1" ind2=" ">
    <subfield code="a">Nguyen, Giang-Huong,</subfield>
    <subfield code="d">1984-</subfield>
    <subfield code="7">xx0254023</subfield>
  </datafield>
  <datafield tag="370" ind1=" " ind2=" ">
    <subfield code="c">Francie</subfield>
  </datafield>
  <datafield tag="372" ind1=" " ind2=" ">
    <subfield code="a">asijské jazyky</subfield>
    <subfield code="a">asijské literatury</subfield>
    <subfield code="a">vietnamská literatura</subfield>
    <subfield code="a">francouzsky psaná literatura</subfield>
  </datafield>
  <datafield tag="374" ind1=" " ind2=" ">
    <subfield code="a">knihovnice</subfield>
  </datafield>
  <datafield tag="375" ind1=" " ind2=" ">
    <subfield code="a">žena</subfield>
  </datafield>
  <datafield tag="377" ind1=" " ind2=" ">
    <subfield code="a">fre</subfield>
  </datafield>
  <datafield tag="400" ind1="1" ind2=" ">
    <subfield code="a">Nguyễn, Giánhg Hương,</subfield>
    <subfield code="d">1984-</subfield>
    <subfield code="0">o</subfield>
  </datafield>
  <datafield tag="400" ind1="1" ind2=" ">
    <subfield code="a">Hương, Nguyễn Giáng,</subfield>
    <subfield code="d">1984-</subfield>
    <subfield code="0">o</subfield>
  </datafield>
  <datafield tag="670" ind1=" " ind2=" ">
    <subfield code="a">Nguyen, Giang-Huong: La littérature vietnamienne francophone (1913-1986), 2018</subfield>
  </datafield>
  <datafield tag="670" ind1=" " ind2=" ">
    <subfield code="a">BNF, cit. 12. 11. 2020</subfield>
    <subfield code="b">autoritní forma, datum narození, odkazy viz, biografické údaje</subfield>
  </datafield>
  <datafield tag="670" ind1=" " ind2=" ">
    <subfield code="a">www(Trường Ðại Học Sư Phạm Hà Nội), cit. 12. 11. 2020</subfield>
    <subfield code="b">biografické údaje</subfield>
  </datafield>
  <datafield tag="678" ind1="0" ind2=" ">
    <subfield code="a">Francouzská knihovnice, vedoucí oddělení literatur a jazyků jihovýchodní Asie, odbornice na francouzsky psanou vietnamskou literaturu.</subfield>
  </datafield>
  <datafield tag="906" ind1=" " ind2=" ">
    <subfield code="a">za20201113</subfield>
    <subfield code="b">xletr</subfield>
  </datafield>
</record>