

<record>
  <leader>     nz  a22     n  4500</leader>
  <datafield tag="900" ind1=" " ind2=" ">
    <subfield code="a">J-NÁVRH-STT</subfield>
  </datafield>
  <controlfield tag="001">jo20201092915</controlfield>
  <controlfield tag="003">CZ PrNK</controlfield>
  <controlfield tag="005">20201113234254.0</controlfield>
  <controlfield tag="008">201113|n|aznnnaabn           n a|a      </controlfield>
  <datafield tag="040" ind1=" " ind2=" ">
    <subfield code="a">ABA001</subfield>
    <subfield code="b">cze</subfield>
    <subfield code="e">rda</subfield>
  </datafield>
  <datafield tag="046" ind1=" " ind2=" ">
    <subfield code="s">1771</subfield>
    <subfield code="t">1772</subfield>
  </datafield>
  <datafield tag="100" ind1="1" ind2=" ">
    <subfield code="a">Šleretová, Františka,</subfield>
    <subfield code="d">činná 1771-1772</subfield>
    <subfield code="7">jo20201092915</subfield>
  </datafield>
  <datafield tag="370" ind1=" " ind2=" ">
    <subfield code="c">Česko</subfield>
    <subfield code="f">Kutná Hora, Česko</subfield>
  </datafield>
  <datafield tag="372" ind1=" " ind2=" ">
    <subfield code="a">tiskařství</subfield>
  </datafield>
  <datafield tag="374" ind1=" " ind2=" ">
    <subfield code="a">tiskařky</subfield>
  </datafield>
  <datafield tag="375" ind1=" " ind2=" ">
    <subfield code="a">žena</subfield>
  </datafield>
  <datafield tag="377" ind1=" " ind2=" ">
    <subfield code="a">cze</subfield>
  </datafield>
  <datafield tag="400" ind1="1" ind2=" ">
    <subfield code="a">Ssleretowá, Frantisska,</subfield>
    <subfield code="d">činná 1771-1772</subfield>
    <subfield code="0">o</subfield>
  </datafield>
  <datafield tag="500" ind1="1" ind2=" ">
    <subfield code="a">Šleret, Jan František,</subfield>
    <subfield code="d">-1770</subfield>
    <subfield code="7">jo20201067134</subfield>
  </datafield>
  <datafield tag="500" ind1="1" ind2=" ">
    <subfield code="a">Korec, František Vincenc,</subfield>
    <subfield code="d">1751-1808</subfield>
    <subfield code="7">jo2004042723</subfield>
  </datafield>
  <datafield tag="665" ind1=" " ind2=" ">
    <subfield code="a">Předchůdce: Šleret, Jan František, -1770.</subfield>
    <subfield code="a">Pokračovatel: Korec, František Vincenc, 1751-1808.</subfield>
  </datafield>
  <datafield tag="670" ind1=" " ind2=" ">
    <subfield code="a">Nowě Ljbezně wykwětlá Ragská Růže Wonnými Modlitbami Wiplněná: A Obkrásslená, k Potěssenj a k Newětssýmu [!] Vžjtku gedné každé Osobě Mužské předstawená. ... W Hoře Kuttný V Wdowy Frantissky Ssleretowý, skrz Wácsl. Turečka Faktora.</subfield>
    <subfield code="b">odkaz viz</subfield>
  </datafield>
  <datafield tag="670" ind1=" " ind2=" ">
    <subfield code="a">Voit, Petr: Encyklopedie knihy, 2006</subfield>
    <subfield code="b">autoritní forma, biografické údaje</subfield>
  </datafield>
  <datafield tag="670" ind1=" " ind2=" ">
    <subfield code="a">Chyba, Karel: Slovník knihtiskařů v Československu od nejstarších dob do roku 1860, 1966</subfield>
    <subfield code="b">biografické údaje</subfield>
  </datafield>
  <datafield tag="678" ind1="0" ind2=" ">
    <subfield code="a">Tiskařka činná v letech 1771-1772 v Kutné Hoře (Česko). V tiskařských aktivitách navazovala na svého prvního manžela Jana Františka Šlereta (zemř. 1770). V roce 1774 se provdala za Františka Vincence Korce (1751-1808). Ten poté převzal původní Šleretovu tiskárnu.</subfield>
  </datafield>
  <datafield tag="906" ind1=" " ind2=" ">
    <subfield code="a">za20201113</subfield>
    <subfield code="b">dama</subfield>
  </datafield>
</record>