

<record>
  <leader>     nz  a22     n  4500</leader>
  <datafield tag="900" ind1=" " ind2=" ">
    <subfield code="a">*J-NÁVRH</subfield>
  </datafield>
  <controlfield tag="001">av20201092916</controlfield>
  <controlfield tag="003">CZ PrNK</controlfield>
  <controlfield tag="005">20201113235111.0</controlfield>
  <controlfield tag="008">201113|n|aznnnaabn           n a|a      </controlfield>
  <datafield tag="040" ind1=" " ind2=" ">
    <subfield code="a">ABB060</subfield>
    <subfield code="b">cze</subfield>
    <subfield code="e">rda</subfield>
  </datafield>
  <datafield tag="046" ind1=" " ind2=" ">
    <subfield code="f">1964</subfield>
  </datafield>
  <datafield tag="100" ind1="1" ind2=" ">
    <subfield code="a">Reinisch, Jan,</subfield>
    <subfield code="d">1964-</subfield>
    <subfield code="7">av20201092916</subfield>
  </datafield>
  <datafield tag="370" ind1=" " ind2=" ">
    <subfield code="c">Česko</subfield>
  </datafield>
  <datafield tag="372" ind1=" " ind2=" ">
    <subfield code="a">televizní tvorba</subfield>
    <subfield code="a">televizní dokument</subfield>
    <subfield code="a">televizní režie</subfield>
    <subfield code="a">televizní dramaturgie</subfield>
    <subfield code="a">žurnalistika</subfield>
    <subfield code="a">filmová kritika</subfield>
  </datafield>
  <datafield tag="374" ind1=" " ind2=" ">
    <subfield code="a">dokumentaristé</subfield>
    <subfield code="a">televizní režiséři</subfield>
    <subfield code="a">televizní dramaturgové</subfield>
    <subfield code="a">novináři</subfield>
    <subfield code="a">filmoví kritici</subfield>
  </datafield>
  <datafield tag="375" ind1=" " ind2=" ">
    <subfield code="a">muž</subfield>
  </datafield>
  <datafield tag="377" ind1=" " ind2=" ">
    <subfield code="a">cze</subfield>
  </datafield>
  <datafield tag="670" ind1=" " ind2=" ">
    <subfield code="a">Reinisch, Jan: Infarkt literatury. In: Mladá fronta. Roč. 45, 1989, č. 272, 18. 11., s. 2</subfield>
    <subfield code="b">autoritní forma</subfield>
  </datafield>
  <datafield tag="670" ind1=" " ind2=" ">
    <subfield code="a">www(Česká televize.cz), cit. 13.11.2020</subfield>
    <subfield code="b">rok narození, charakteristika činnosti</subfield>
  </datafield>
  <datafield tag="678" ind1="0" ind2=" ">
    <subfield code="a">narozen v roce 1964. Televizní dokumentarista, dramaturg, režisér a reportér, dříve též filmový recenzent a novinový reportér.</subfield>
  </datafield>
  <datafield tag="906" ind1=" " ind2=" ">
    <subfield code="a">za20201113</subfield>
    <subfield code="b">uclluv</subfield>
  </datafield>
</record>