

<record>
  <leader>     nz  a22     n  4500</leader>
  <datafield tag="900" ind1=" " ind2=" ">
    <subfield code="a">*J-NÁVRH</subfield>
  </datafield>
  <controlfield tag="001">av20201092917</controlfield>
  <controlfield tag="003">CZ PrNK</controlfield>
  <controlfield tag="005">20201114001837.0</controlfield>
  <controlfield tag="008">201114|n|aznnnaabn           n a|a      </controlfield>
  <datafield tag="040" ind1=" " ind2=" ">
    <subfield code="a">ABB060</subfield>
    <subfield code="b">cze</subfield>
    <subfield code="e">rda</subfield>
  </datafield>
  <datafield tag="046" ind1=" " ind2=" ">
    <subfield code="f">1988</subfield>
  </datafield>
  <datafield tag="100" ind1="1" ind2=" ">
    <subfield code="a">Knoblochová, Josefína,</subfield>
    <subfield code="d">1988-</subfield>
    <subfield code="7">av20201092917</subfield>
  </datafield>
  <datafield tag="370" ind1=" " ind2=" ">
    <subfield code="a">Jablonec nad Nisou, Česko</subfield>
    <subfield code="c">Česko</subfield>
  </datafield>
  <datafield tag="372" ind1=" " ind2=" ">
    <subfield code="a">hudební festivaly</subfield>
    <subfield code="a">dějiny</subfield>
  </datafield>
  <datafield tag="373" ind1=" " ind2=" ">
    <subfield code="a">Letní slavnosti staré hudby</subfield>
  </datafield>
  <datafield tag="374" ind1=" " ind2=" ">
    <subfield code="a">vedoucí pracovnice</subfield>
    <subfield code="a">historičky</subfield>
  </datafield>
  <datafield tag="375" ind1=" " ind2=" ">
    <subfield code="a">žena</subfield>
  </datafield>
  <datafield tag="377" ind1=" " ind2=" ">
    <subfield code="a">cze</subfield>
  </datafield>
  <datafield tag="400" ind1="1" ind2=" ">
    <subfield code="w">r</subfield>
    <subfield code="i">rodné příjmení:</subfield>
    <subfield code="a">Matyášová, Josefína,</subfield>
    <subfield code="d">1988-</subfield>
    <subfield code="0">o</subfield>
  </datafield>
  <datafield tag="670" ind1=" " ind2=" ">
    <subfield code="a">Knoblochová, Josefína: Nestárneme. Na Letní slavnosti staré hudby chodí stále více třicátníků. Český rozhlas, 30. červenec 2019</subfield>
    <subfield code="b">autoritní forma</subfield>
  </datafield>
  <datafield tag="670" ind1=" " ind2=" ">
    <subfield code="a">Matyášová, Josefína: Normy a konflikty. Předbělohorští hudebníci ve světle právních pramenů. In: Folia Historica Bohemica. Roč. 28, č. 1 (2013), s. 29-57</subfield>
    <subfield code="b">autoritní forma</subfield>
  </datafield>
  <datafield tag="670" ind1=" " ind2=" ">
    <subfield code="a">www(Bibliografie dějin českých zemí), cit. 14.11.2020</subfield>
    <subfield code="b">datum a místo narození, charakteristika činnosti.</subfield>
  </datafield>
  <datafield tag="678" ind1="0" ind2=" ">
    <subfield code="a">Narozena 19. 7. 1988 v Jablonci nad Nisou. Ředitelka festivalu Letní slavnosti staré hudby, též historička.</subfield>
  </datafield>
  <datafield tag="906" ind1=" " ind2=" ">
    <subfield code="a">za20201114</subfield>
    <subfield code="b">uclluv</subfield>
  </datafield>
</record>